%YAML 1.1
%TAG !u! tag:unity3d.com,2011:
--- !u!1 &143772
GameObject:
  m_ObjectHideFlags: 1
  m_PrefabParentObject: {fileID: 0}
  m_PrefabInternal: {fileID: 100100000}
  serializedVersion: 4
  m_Component:
  - 4: {fileID: 443772}
  - 33: {fileID: 3343772}
  - 23: {fileID: 2343772}
  - 95: {fileID: 9543772}
  m_Layer: 0
  m_Name: Ramp_Line_PlateForm_01
  m_TagString: Untagged
  m_Icon: {fileID: 0}
  m_NavMeshLayer: 0
  m_StaticEditorFlags: 4294967295
  m_IsActive: 1
--- !u!1 &143774
GameObject:
  m_ObjectHideFlags: 1
  m_PrefabParentObject: {fileID: 0}
  m_PrefabInternal: {fileID: 100100000}
  serializedVersion: 4
  m_Component:
  - 4: {fileID: 443774}
  - 65: {fileID: 6543772}
  m_Layer: 0
  m_Name: Collider
  m_TagString: Untagged
  m_Icon: {fileID: 0}
  m_NavMeshLayer: 0
  m_StaticEditorFlags: 4294967295
  m_IsActive: 1
--- !u!1 &143776
GameObject:
  m_ObjectHideFlags: 1
  m_PrefabParentObject: {fileID: 0}
  m_PrefabInternal: {fileID: 100100000}
  serializedVersion: 4
  m_Component:
  - 4: {fileID: 443776}
  - 65: {fileID: 6543774}
  m_Layer: 0
  m_Name: Collider
  m_TagString: Untagged
  m_Icon: {fileID: 0}
  m_NavMeshLayer: 0
  m_StaticEditorFlags: 4294967295
  m_IsActive: 1
--- !u!1 &143778
GameObject:
  m_ObjectHideFlags: 1
  m_PrefabParentObject: {fileID: 0}
  m_PrefabInternal: {fileID: 100100000}
  serializedVersion: 4
  m_Component:
  - 4: {fileID: 443778}
  - 65: {fileID: 6543776}
  m_Layer: 0
  m_Name: Collider
  m_TagString: Untagged
  m_Icon: {fileID: 0}
  m_NavMeshLayer: 0
  m_StaticEditorFlags: 4294967295
  m_IsActive: 1
--- !u!1 &143780
GameObject:
  m_ObjectHideFlags: 0
  m_PrefabParentObject: {fileID: 0}
  m_PrefabInternal: {fileID: 100100000}
  serializedVersion: 4
  m_Component:
  - 4: {fileID: 443780}
  m_Layer: 0
  m_Name: Pylon_Vert_02
  m_TagString: Untagged
  m_Icon: {fileID: 0}
  m_NavMeshLayer: 0
  m_StaticEditorFlags: 4294967295
  m_IsActive: 1
--- !u!1 &143782
GameObject:
  m_ObjectHideFlags: 1
  m_PrefabParentObject: {fileID: 0}
  m_PrefabInternal: {fileID: 100100000}
  serializedVersion: 4
  m_Component:
  - 4: {fileID: 443782}
  - 33: {fileID: 3343774}
  - 23: {fileID: 2343774}
  m_Layer: 0
  m_Name: Pylon_Vert_02
  m_TagString: Untagged
  m_Icon: {fileID: 0}
  m_NavMeshLayer: 0
  m_StaticEditorFlags: 4294967295
  m_IsActive: 1
--- !u!1 &143784
GameObject:
  m_ObjectHideFlags: 1
  m_PrefabParentObject: {fileID: 0}
  m_PrefabInternal: {fileID: 100100000}
  serializedVersion: 4
  m_Component:
  - 4: {fileID: 443784}
  - 33: {fileID: 3343776}
  - 23: {fileID: 2343776}
  m_Layer: 0
  m_Name: Pylon_Vert_02
  m_TagString: Untagged
  m_Icon: {fileID: 0}
  m_NavMeshLayer: 0
  m_StaticEditorFlags: 4294967295
  m_IsActive: 1
--- !u!1 &143786
GameObject:
  m_ObjectHideFlags: 0
  m_PrefabParentObject: {fileID: 0}
  m_PrefabInternal: {fileID: 100100000}
  serializedVersion: 4
  m_Component:
  - 4: {fileID: 443786}
  m_Layer: 0
  m_Name: Pylon_Vert_02
  m_TagString: Untagged
  m_Icon: {fileID: 0}
  m_NavMeshLayer: 0
  m_StaticEditorFlags: 4294967295
  m_IsActive: 1
--- !u!1 &143788
GameObject:
  m_ObjectHideFlags: 0
  m_PrefabParentObject: {fileID: 0}
  m_PrefabInternal: {fileID: 100100000}
  serializedVersion: 4
  m_Component:
  - 4: {fileID: 443788}
  m_Layer: 0
  m_Name: Pylon_Vert_02
  m_TagString: Untagged
  m_Icon: {fileID: 0}
  m_NavMeshLayer: 0
  m_StaticEditorFlags: 4294967295
  m_IsActive: 1
--- !u!1 &143790
GameObject:
  m_ObjectHideFlags: 1
  m_PrefabParentObject: {fileID: 0}
  m_PrefabInternal: {fileID: 100100000}
  serializedVersion: 4
  m_Component:
  - 4: {fileID: 443790}
  - 33: {fileID: 3343778}
  - 23: {fileID: 2343778}
  m_Layer: 0
  m_Name: Pylon_Vert_02
  m_TagString: Untagged
  m_Icon: {fileID: 0}
  m_NavMeshLayer: 0
  m_StaticEditorFlags: 4294967295
  m_IsActive: 1
--- !u!1 &143792
GameObject:
  m_ObjectHideFlags: 1
  m_PrefabParentObject: {fileID: 0}
  m_PrefabInternal: {fileID: 100100000}
  serializedVersion: 4
  m_Component:
  - 4: {fileID: 443792}
  - 33: {fileID: 3343780}
  - 23: {fileID: 2343780}
  m_Layer: 0
  m_Name: Pylon_Vert_02
  m_TagString: Untagged
  m_Icon: {fileID: 0}
  m_NavMeshLayer: 0
  m_StaticEditorFlags: 4294967295
  m_IsActive: 1
--- !u!1 &143794
GameObject:
  m_ObjectHideFlags: 0
  m_PrefabParentObject: {fileID: 0}
  m_PrefabInternal: {fileID: 100100000}
  serializedVersion: 4
  m_Component:
  - 4: {fileID: 443794}
  m_Layer: 0
  m_Name: Pylon_Vert_02
  m_TagString: Untagged
  m_Icon: {fileID: 0}
  m_NavMeshLayer: 0
  m_StaticEditorFlags: 4294967295
  m_IsActive: 1
--- !u!1 &143796
GameObject:
  m_ObjectHideFlags: 0
  m_PrefabParentObject: {fileID: 0}
  m_PrefabInternal: {fileID: 100100000}
  serializedVersion: 4
  m_Component:
  - 4: {fileID: 443796}
  m_Layer: 0
  m_Name: Pylon_Vert_02
  m_TagString: Untagged
  m_Icon: {fileID: 0}
  m_NavMeshLayer: 0
  m_StaticEditorFlags: 4294967295
  m_IsActive: 1
--- !u!1 &143798
GameObject:
  m_ObjectHideFlags: 1
  m_PrefabParentObject: {fileID: 0}
  m_PrefabInternal: {fileID: 100100000}
  serializedVersion: 4
  m_Component:
  - 4: {fileID: 443798}
  - 33: {fileID: 3343782}
  - 23: {fileID: 2343782}
  m_Layer: 0
  m_Name: Pylon_Vert_02
  m_TagString: Untagged
  m_Icon: {fileID: 0}
  m_NavMeshLayer: 0
  m_StaticEditorFlags: 4294967295
  m_IsActive: 1
--- !u!1 &143800
GameObject:
  m_ObjectHideFlags: 1
  m_PrefabParentObject: {fileID: 0}
  m_PrefabInternal: {fileID: 100100000}
  serializedVersion: 4
  m_Component:
  - 4: {fileID: 443800}
  - 33: {fileID: 3343784}
  - 23: {fileID: 2343784}
  m_Layer: 0
  m_Name: Pylon_Vert_02
  m_TagString: Untagged
  m_Icon: {fileID: 0}
  m_NavMeshLayer: 0
  m_StaticEditorFlags: 4294967295
  m_IsActive: 1
--- !u!1 &143802
GameObject:
  m_ObjectHideFlags: 0
  m_PrefabParentObject: {fileID: 0}
  m_PrefabInternal: {fileID: 100100000}
  serializedVersion: 4
  m_Component:
  - 4: {fileID: 443802}
  m_Layer: 0
  m_Name: Pylon_Vert_02
  m_TagString: Untagged
  m_Icon: {fileID: 0}
  m_NavMeshLayer: 0
  m_StaticEditorFlags: 4294967295
  m_IsActive: 1
--- !u!1 &143804
GameObject:
  m_ObjectHideFlags: 0
  m_PrefabParentObject: {fileID: 0}
  m_PrefabInternal: {fileID: 100100000}
  serializedVersion: 4
  m_Component:
  - 4: {fileID: 443804}
  m_Layer: 0
  m_Name: Pylon_Vert_02
  m_TagString: Untagged
  m_Icon: {fileID: 0}
  m_NavMeshLayer: 0
  m_StaticEditorFlags: 4294967295
  m_IsActive: 1
--- !u!1 &143806
GameObject:
  m_ObjectHideFlags: 1
  m_PrefabParentObject: {fileID: 0}
  m_PrefabInternal: {fileID: 100100000}
  serializedVersion: 4
  m_Component:
  - 4: {fileID: 443806}
  - 33: {fileID: 3343786}
  - 23: {fileID: 2343786}
  m_Layer: 0
  m_Name: Pylon_Vert_02
  m_TagString: Untagged
  m_Icon: {fileID: 0}
  m_NavMeshLayer: 0
  m_StaticEditorFlags: 4294967295
  m_IsActive: 1
--- !u!1 &143808
GameObject:
  m_ObjectHideFlags: 1
  m_PrefabParentObject: {fileID: 0}
  m_PrefabInternal: {fileID: 100100000}
  serializedVersion: 4
  m_Component:
  - 4: {fileID: 443808}
  - 33: {fileID: 3343788}
  - 23: {fileID: 2343788}
  m_Layer: 0
  m_Name: Pylon_Vert_02
  m_TagString: Untagged
  m_Icon: {fileID: 0}
  m_NavMeshLayer: 0
  m_StaticEditorFlags: 4294967295
  m_IsActive: 1
--- !u!1 &143810
GameObject:
  m_ObjectHideFlags: 0
  m_PrefabParentObject: {fileID: 0}
  m_PrefabInternal: {fileID: 100100000}
  serializedVersion: 4
  m_Component:
  - 4: {fileID: 443810}
  m_Layer: 0
  m_Name: Pylon_Vert_02
  m_TagString: Untagged
  m_Icon: {fileID: 0}
  m_NavMeshLayer: 0
  m_StaticEditorFlags: 4294967295
  m_IsActive: 1
--- !u!1 &143812
GameObject:
  m_ObjectHideFlags: 0
  m_PrefabParentObject: {fileID: 0}
  m_PrefabInternal: {fileID: 100100000}
  serializedVersion: 4
  m_Component:
  - 4: {fileID: 443812}
  m_Layer: 0
  m_Name: Ramp_Line_PlateForm_01
  m_TagString: Untagged
  m_Icon: {fileID: 0}
  m_NavMeshLayer: 0
  m_StaticEditorFlags: 0
  m_IsActive: 1
--- !u!1 &143814
GameObject:
  m_ObjectHideFlags: 1
  m_PrefabParentObject: {fileID: 0}
  m_PrefabInternal: {fileID: 100100000}
  serializedVersion: 4
  m_Component:
  - 4: {fileID: 443818}
  - 33: {fileID: 3343790}
  - 23: {fileID: 2343790}
  - 95: {fileID: 9543774}
  m_Layer: 0
  m_Name: Ramp_Line_PlateForm_01
  m_TagString: Untagged
  m_Icon: {fileID: 0}
  m_NavMeshLayer: 0
  m_StaticEditorFlags: 4294967295
  m_IsActive: 1
--- !u!1 &143816
GameObject:
  m_ObjectHideFlags: 1
  m_PrefabParentObject: {fileID: 0}
  m_PrefabInternal: {fileID: 100100000}
  serializedVersion: 4
  m_Component:
  - 4: {fileID: 443816}
  - 108: {fileID: 10843774}
  m_Layer: 0
  m_Name: Point light
  m_TagString: Untagged
  m_Icon: {fileID: 0}
  m_NavMeshLayer: 0
  m_StaticEditorFlags: 0
  m_IsActive: 1
--- !u!1 &143818
GameObject:
  m_ObjectHideFlags: 1
  m_PrefabParentObject: {fileID: 0}
  m_PrefabInternal: {fileID: 100100000}
  serializedVersion: 4
  m_Component:
  - 4: {fileID: 443814}
  - 108: {fileID: 10843772}
  m_Layer: 0
  m_Name: Point light
  m_TagString: Untagged
  m_Icon: {fileID: 0}
  m_NavMeshLayer: 0
  m_StaticEditorFlags: 0
  m_IsActive: 1
--- !u!1 &143820
GameObject:
  m_ObjectHideFlags: 1
  m_PrefabParentObject: {fileID: 0}
  m_PrefabInternal: {fileID: 100100000}
  serializedVersion: 4
  m_Component:
  - 4: {fileID: 443822}
  - 65: {fileID: 6543778}
  m_Layer: 0
  m_Name: Collider
  m_TagString: Untagged
  m_Icon: {fileID: 0}
  m_NavMeshLayer: 0
  m_StaticEditorFlags: 4294967295
  m_IsActive: 1
--- !u!1 &143822
GameObject:
  m_ObjectHideFlags: 1
  m_PrefabParentObject: {fileID: 0}
  m_PrefabInternal: {fileID: 100100000}
  serializedVersion: 4
  m_Component:
  - 4: {fileID: 443832}
  - 65: {fileID: 6543782}
  m_Layer: 0
  m_Name: Collider
  m_TagString: Untagged
  m_Icon: {fileID: 0}
  m_NavMeshLayer: 0
  m_StaticEditorFlags: 4294967295
  m_IsActive: 1
--- !u!1 &143824
GameObject:
  m_ObjectHideFlags: 1
  m_PrefabParentObject: {fileID: 0}
  m_PrefabInternal: {fileID: 100100000}
  serializedVersion: 4
  m_Component:
  - 4: {fileID: 443828}
  - 65: {fileID: 6543780}
  m_Layer: 0
  m_Name: Collider
  m_TagString: Untagged
  m_Icon: {fileID: 0}
  m_NavMeshLayer: 0
  m_StaticEditorFlags: 4294967295
  m_IsActive: 1
--- !u!1 &143826
GameObject:
  m_ObjectHideFlags: 1
  m_PrefabParentObject: {fileID: 0}
  m_PrefabInternal: {fileID: 100100000}
  serializedVersion: 4
  m_Component:
  - 4: {fileID: 443820}
  - 33: {fileID: 3343792}
  - 23: {fileID: 2343792}
  m_Layer: 0
  m_Name: Ramp_Coin_PlateForm_01
  m_TagString: Untagged
  m_Icon: {fileID: 0}
  m_NavMeshLayer: 0
  m_StaticEditorFlags: 4294967295
  m_IsActive: 1
--- !u!1 &143828
GameObject:
  m_ObjectHideFlags: 1
  m_PrefabParentObject: {fileID: 0}
  m_PrefabInternal: {fileID: 100100000}
  serializedVersion: 4
  m_Component:
  - 4: {fileID: 443824}
  - 108: {fileID: 10843776}
  m_Layer: 0
  m_Name: Point light
  m_TagString: Untagged
  m_Icon: {fileID: 0}
  m_NavMeshLayer: 0
  m_StaticEditorFlags: 4294967295
  m_IsActive: 1
--- !u!1 &143830
GameObject:
  m_ObjectHideFlags: 1
  m_PrefabParentObject: {fileID: 0}
  m_PrefabInternal: {fileID: 100100000}
  serializedVersion: 4
  m_Component:
  - 4: {fileID: 443826}
  - 108: {fileID: 10843778}
  m_Layer: 0
  m_Name: Point light
  m_TagString: Untagged
  m_Icon: {fileID: 0}
  m_NavMeshLayer: 0
  m_StaticEditorFlags: 4294967295
  m_IsActive: 1
--- !u!1 &143832
GameObject:
  m_ObjectHideFlags: 0
  m_PrefabParentObject: {fileID: 0}
  m_PrefabInternal: {fileID: 100100000}
  serializedVersion: 4
  m_Component:
  - 4: {fileID: 443830}
  m_Layer: 0
  m_Name: Ramp_Coin_PlateForm_01
  m_TagString: Untagged
  m_Icon: {fileID: 0}
  m_NavMeshLayer: 0
  m_StaticEditorFlags: 4294967295
  m_IsActive: 1
--- !u!1 &143834
GameObject:
  m_ObjectHideFlags: 0
  m_PrefabParentObject: {fileID: 0}
  m_PrefabInternal: {fileID: 100100000}
  serializedVersion: 4
  m_Component:
  - 4: {fileID: 443834}
  m_Layer: 0
  m_Name: Big_Stair_01
  m_TagString: Untagged
  m_Icon: {fileID: 0}
  m_NavMeshLayer: 0
  m_StaticEditorFlags: 4294967295
  m_IsActive: 1
--- !u!1 &143836
GameObject:
  m_ObjectHideFlags: 0
  m_PrefabParentObject: {fileID: 0}
  m_PrefabInternal: {fileID: 100100000}
  serializedVersion: 4
  m_Component:
  - 4: {fileID: 443838}
  m_Layer: 0
  m_Name: Stair_7_Step_01
  m_TagString: Untagged
  m_Icon: {fileID: 0}
  m_NavMeshLayer: 0
  m_StaticEditorFlags: 4294967295
  m_IsActive: 1
--- !u!1 &143838
GameObject:
  m_ObjectHideFlags: 1
  m_PrefabParentObject: {fileID: 0}
  m_PrefabInternal: {fileID: 100100000}
  serializedVersion: 4
  m_Component:
  - 4: {fileID: 443848}
  - 33: {fileID: 3343794}
  - 23: {fileID: 2343794}
  m_Layer: 0
  m_Name: Stair_7_Step_01
  m_TagString: Untagged
  m_Icon: {fileID: 0}
  m_NavMeshLayer: 0
  m_StaticEditorFlags: 4294967295
  m_IsActive: 1
--- !u!1 &143840
GameObject:
  m_ObjectHideFlags: 1
  m_PrefabParentObject: {fileID: 0}
  m_PrefabInternal: {fileID: 100100000}
  serializedVersion: 4
  m_Component:
  - 4: {fileID: 443842}
  - 108: {fileID: 10843782}
  m_Layer: 0
  m_Name: Point light
  m_TagString: Untagged
  m_Icon: {fileID: 0}
  m_NavMeshLayer: 0
  m_StaticEditorFlags: 4294967295
  m_IsActive: 1
--- !u!1 &143842
GameObject:
  m_ObjectHideFlags: 1
  m_PrefabParentObject: {fileID: 0}
  m_PrefabInternal: {fileID: 100100000}
  serializedVersion: 4
  m_Component:
  - 4: {fileID: 443844}
  - 108: {fileID: 10843780}
  m_Layer: 0
  m_Name: Point light
  m_TagString: Untagged
  m_Icon: {fileID: 0}
  m_NavMeshLayer: 0
  m_StaticEditorFlags: 4294967295
  m_IsActive: 1
--- !u!1 &143844
GameObject:
  m_ObjectHideFlags: 1
  m_PrefabParentObject: {fileID: 0}
  m_PrefabInternal: {fileID: 100100000}
  serializedVersion: 4
  m_Component:
  - 4: {fileID: 443840}
  - 65: {fileID: 6543786}
  m_Layer: 0
  m_Name: Collider
  m_TagString: Untagged
  m_Icon: {fileID: 0}
  m_NavMeshLayer: 0
  m_StaticEditorFlags: 4294967295
  m_IsActive: 1
--- !u!1 &143846
GameObject:
  m_ObjectHideFlags: 1
  m_PrefabParentObject: {fileID: 0}
  m_PrefabInternal: {fileID: 100100000}
  serializedVersion: 4
  m_Component:
  - 4: {fileID: 443836}
  - 65: {fileID: 6543784}
  m_Layer: 0
  m_Name: Collider
  m_TagString: Untagged
  m_Icon: {fileID: 0}
  m_NavMeshLayer: 0
  m_StaticEditorFlags: 4294967295
  m_IsActive: 1
--- !u!1 &143848
GameObject:
  m_ObjectHideFlags: 1
  m_PrefabParentObject: {fileID: 0}
  m_PrefabInternal: {fileID: 100100000}
  serializedVersion: 4
  m_Component:
  - 4: {fileID: 443846}
  - 65: {fileID: 6543788}
  m_Layer: 0
  m_Name: Collider
  m_TagString: Untagged
  m_Icon: {fileID: 0}
  m_NavMeshLayer: 0
  m_StaticEditorFlags: 4294967295
  m_IsActive: 1
--- !u!1 &143850
GameObject:
  m_ObjectHideFlags: 0
  m_PrefabParentObject: {fileID: 0}
  m_PrefabInternal: {fileID: 100100000}
  serializedVersion: 4
  m_Component:
  - 4: {fileID: 443852}
  m_Layer: 0
  m_Name: Ramp_Coin_PlateForm_01
  m_TagString: Untagged
  m_Icon: {fileID: 0}
  m_NavMeshLayer: 0
  m_StaticEditorFlags: 4294967295
  m_IsActive: 1
--- !u!1 &143852
GameObject:
  m_ObjectHideFlags: 1
  m_PrefabParentObject: {fileID: 0}
  m_PrefabInternal: {fileID: 100100000}
  serializedVersion: 4
  m_Component:
  - 4: {fileID: 443856}
  - 108: {fileID: 10843784}
  m_Layer: 0
  m_Name: Point light
  m_TagString: Untagged
  m_Icon: {fileID: 0}
  m_NavMeshLayer: 0
  m_StaticEditorFlags: 4294967295
  m_IsActive: 1
--- !u!1 &143854
GameObject:
  m_ObjectHideFlags: 1
  m_PrefabParentObject: {fileID: 0}
  m_PrefabInternal: {fileID: 100100000}
  serializedVersion: 4
  m_Component:
  - 4: {fileID: 443858}
  - 108: {fileID: 10843786}
  m_Layer: 0
  m_Name: Point light
  m_TagString: Untagged
  m_Icon: {fileID: 0}
  m_NavMeshLayer: 0
  m_StaticEditorFlags: 4294967295
  m_IsActive: 1
--- !u!1 &143856
GameObject:
  m_ObjectHideFlags: 1
  m_PrefabParentObject: {fileID: 0}
  m_PrefabInternal: {fileID: 100100000}
  serializedVersion: 4
  m_Component:
  - 4: {fileID: 443862}
  - 33: {fileID: 3343796}
  - 23: {fileID: 2343796}
  m_Layer: 0
  m_Name: Ramp_Coin_PlateForm_01
  m_TagString: Untagged
  m_Icon: {fileID: 0}
  m_NavMeshLayer: 0
  m_StaticEditorFlags: 4294967295
  m_IsActive: 1
--- !u!1 &143858
GameObject:
  m_ObjectHideFlags: 1
  m_PrefabParentObject: {fileID: 0}
  m_PrefabInternal: {fileID: 100100000}
  serializedVersion: 4
  m_Component:
  - 4: {fileID: 443854}
  - 65: {fileID: 6543792}
  m_Layer: 0
  m_Name: Collider
  m_TagString: Untagged
  m_Icon: {fileID: 0}
  m_NavMeshLayer: 0
  m_StaticEditorFlags: 4294967295
  m_IsActive: 1
--- !u!1 &143860
GameObject:
  m_ObjectHideFlags: 1
  m_PrefabParentObject: {fileID: 0}
  m_PrefabInternal: {fileID: 100100000}
  serializedVersion: 4
  m_Component:
  - 4: {fileID: 443850}
  - 65: {fileID: 6543790}
  m_Layer: 0
  m_Name: Collider
  m_TagString: Untagged
  m_Icon: {fileID: 0}
  m_NavMeshLayer: 0
  m_StaticEditorFlags: 4294967295
  m_IsActive: 1
--- !u!1 &143862
GameObject:
  m_ObjectHideFlags: 1
  m_PrefabParentObject: {fileID: 0}
  m_PrefabInternal: {fileID: 100100000}
  serializedVersion: 4
  m_Component:
  - 4: {fileID: 443860}
  - 65: {fileID: 6543794}
  m_Layer: 0
  m_Name: Collider
  m_TagString: Untagged
  m_Icon: {fileID: 0}
  m_NavMeshLayer: 0
  m_StaticEditorFlags: 4294967295
  m_IsActive: 1
--- !u!1 &143864
GameObject:
  m_ObjectHideFlags: 1
  m_PrefabParentObject: {fileID: 0}
  m_PrefabInternal: {fileID: 100100000}
  serializedVersion: 4
  m_Component:
  - 4: {fileID: 443866}
  - 65: {fileID: 6543796}
  m_Layer: 0
  m_Name: Collider
  m_TagString: Untagged
  m_Icon: {fileID: 0}
  m_NavMeshLayer: 0
  m_StaticEditorFlags: 4294967295
  m_IsActive: 1
--- !u!1 &143866
GameObject:
  m_ObjectHideFlags: 1
  m_PrefabParentObject: {fileID: 0}
  m_PrefabInternal: {fileID: 100100000}
  serializedVersion: 4
  m_Component:
  - 4: {fileID: 443876}
  - 65: {fileID: 6543800}
  m_Layer: 0
  m_Name: Collider
  m_TagString: Untagged
  m_Icon: {fileID: 0}
  m_NavMeshLayer: 0
  m_StaticEditorFlags: 4294967295
  m_IsActive: 1
--- !u!1 &143868
GameObject:
  m_ObjectHideFlags: 1
  m_PrefabParentObject: {fileID: 0}
  m_PrefabInternal: {fileID: 100100000}
  serializedVersion: 4
  m_Component:
  - 4: {fileID: 443872}
  - 65: {fileID: 6543798}
  m_Layer: 0
  m_Name: Collider
  m_TagString: Untagged
  m_Icon: {fileID: 0}
  m_NavMeshLayer: 0
  m_StaticEditorFlags: 4294967295
  m_IsActive: 1
--- !u!1 &143870
GameObject:
  m_ObjectHideFlags: 1
  m_PrefabParentObject: {fileID: 0}
  m_PrefabInternal: {fileID: 100100000}
  serializedVersion: 4
  m_Component:
  - 4: {fileID: 443868}
  - 108: {fileID: 10843790}
  m_Layer: 0
  m_Name: Point light
  m_TagString: Untagged
  m_Icon: {fileID: 0}
  m_NavMeshLayer: 0
  m_StaticEditorFlags: 4294967295
  m_IsActive: 1
--- !u!1 &143872
GameObject:
  m_ObjectHideFlags: 1
  m_PrefabParentObject: {fileID: 0}
  m_PrefabInternal: {fileID: 100100000}
  serializedVersion: 4
  m_Component:
  - 4: {fileID: 443870}
  - 108: {fileID: 10843788}
  m_Layer: 0
  m_Name: Point light
  m_TagString: Untagged
  m_Icon: {fileID: 0}
  m_NavMeshLayer: 0
  m_StaticEditorFlags: 4294967295
  m_IsActive: 1
--- !u!1 &143874
GameObject:
  m_ObjectHideFlags: 1
  m_PrefabParentObject: {fileID: 0}
  m_PrefabInternal: {fileID: 100100000}
  serializedVersion: 4
  m_Component:
  - 4: {fileID: 443864}
  - 33: {fileID: 3343798}
  - 23: {fileID: 2343798}
  m_Layer: 0
  m_Name: Stair_7_Step_01
  m_TagString: Untagged
  m_Icon: {fileID: 0}
  m_NavMeshLayer: 0
  m_StaticEditorFlags: 4294967295
  m_IsActive: 1
--- !u!1 &143876
GameObject:
  m_ObjectHideFlags: 0
  m_PrefabParentObject: {fileID: 0}
  m_PrefabInternal: {fileID: 100100000}
  serializedVersion: 4
  m_Component:
  - 4: {fileID: 443874}
  m_Layer: 0
  m_Name: Stair_7_Step_01
  m_TagString: Untagged
  m_Icon: {fileID: 0}
  m_NavMeshLayer: 0
  m_StaticEditorFlags: 4294967295
  m_IsActive: 1
--- !u!1 &143878
GameObject:
  m_ObjectHideFlags: 1
  m_PrefabParentObject: {fileID: 0}
  m_PrefabInternal: {fileID: 100100000}
  serializedVersion: 4
  m_Component:
  - 4: {fileID: 443880}
  - 65: {fileID: 6543802}
  m_Layer: 0
  m_Name: Collider
  m_TagString: Untagged
  m_Icon: {fileID: 0}
  m_NavMeshLayer: 0
  m_StaticEditorFlags: 4294967295
  m_IsActive: 1
--- !u!1 &143880
GameObject:
  m_ObjectHideFlags: 1
  m_PrefabParentObject: {fileID: 0}
  m_PrefabInternal: {fileID: 100100000}
  serializedVersion: 4
  m_Component:
  - 4: {fileID: 443890}
  - 65: {fileID: 6543806}
  m_Layer: 0
  m_Name: Collider
  m_TagString: Untagged
  m_Icon: {fileID: 0}
  m_NavMeshLayer: 0
  m_StaticEditorFlags: 4294967295
  m_IsActive: 1
--- !u!1 &143882
GameObject:
  m_ObjectHideFlags: 1
  m_PrefabParentObject: {fileID: 0}
  m_PrefabInternal: {fileID: 100100000}
  serializedVersion: 4
  m_Component:
  - 4: {fileID: 443886}
  - 65: {fileID: 6543804}
  m_Layer: 0
  m_Name: Collider
  m_TagString: Untagged
  m_Icon: {fileID: 0}
  m_NavMeshLayer: 0
  m_StaticEditorFlags: 4294967295
  m_IsActive: 1
--- !u!1 &143884
GameObject:
  m_ObjectHideFlags: 1
  m_PrefabParentObject: {fileID: 0}
  m_PrefabInternal: {fileID: 100100000}
  serializedVersion: 4
  m_Component:
  - 4: {fileID: 443878}
  - 33: {fileID: 3343800}
  - 23: {fileID: 2343800}
  m_Layer: 0
  m_Name: Ramp_Coin_PlateForm_01
  m_TagString: Untagged
  m_Icon: {fileID: 0}
  m_NavMeshLayer: 0
  m_StaticEditorFlags: 4294967295
  m_IsActive: 1
--- !u!1 &143886
GameObject:
  m_ObjectHideFlags: 1
  m_PrefabParentObject: {fileID: 0}
  m_PrefabInternal: {fileID: 100100000}
  serializedVersion: 4
  m_Component:
  - 4: {fileID: 443882}
  - 108: {fileID: 10843792}
  m_Layer: 0
  m_Name: Point light
  m_TagString: Untagged
  m_Icon: {fileID: 0}
  m_NavMeshLayer: 0
  m_StaticEditorFlags: 4294967295
  m_IsActive: 1
--- !u!1 &143888
GameObject:
  m_ObjectHideFlags: 1
  m_PrefabParentObject: {fileID: 0}
  m_PrefabInternal: {fileID: 100100000}
  serializedVersion: 4
  m_Component:
  - 4: {fileID: 443884}
  - 108: {fileID: 10843794}
  m_Layer: 0
  m_Name: Point light
  m_TagString: Untagged
  m_Icon: {fileID: 0}
  m_NavMeshLayer: 0
  m_StaticEditorFlags: 4294967295
  m_IsActive: 1
--- !u!1 &143890
GameObject:
  m_ObjectHideFlags: 0
  m_PrefabParentObject: {fileID: 0}
  m_PrefabInternal: {fileID: 100100000}
  serializedVersion: 4
  m_Component:
  - 4: {fileID: 443888}
  m_Layer: 0
  m_Name: Ramp_Coin_PlateForm_01
  m_TagString: Untagged
  m_Icon: {fileID: 0}
  m_NavMeshLayer: 0
  m_StaticEditorFlags: 4294967295
  m_IsActive: 1
--- !u!1 &143892
GameObject:
  m_ObjectHideFlags: 0
  m_PrefabParentObject: {fileID: 0}
  m_PrefabInternal: {fileID: 100100000}
  serializedVersion: 4
  m_Component:
  - 4: {fileID: 443894}
  m_Layer: 0
  m_Name: Stair_7_Step_01
  m_TagString: Untagged
  m_Icon: {fileID: 0}
  m_NavMeshLayer: 0
  m_StaticEditorFlags: 4294967295
  m_IsActive: 1
--- !u!1 &143894
GameObject:
  m_ObjectHideFlags: 1
  m_PrefabParentObject: {fileID: 0}
  m_PrefabInternal: {fileID: 100100000}
  serializedVersion: 4
  m_Component:
  - 4: {fileID: 443904}
  - 33: {fileID: 3343802}
  - 23: {fileID: 2343802}
  m_Layer: 0
  m_Name: Stair_7_Step_01
  m_TagString: Untagged
  m_Icon: {fileID: 0}
  m_NavMeshLayer: 0
  m_StaticEditorFlags: 4294967295
  m_IsActive: 1
--- !u!1 &143896
GameObject:
  m_ObjectHideFlags: 1
  m_PrefabParentObject: {fileID: 0}
  m_PrefabInternal: {fileID: 100100000}
  serializedVersion: 4
  m_Component:
  - 4: {fileID: 443898}
  - 108: {fileID: 10843798}
  m_Layer: 0
  m_Name: Point light
  m_TagString: Untagged
  m_Icon: {fileID: 0}
  m_NavMeshLayer: 0
  m_StaticEditorFlags: 4294967295
  m_IsActive: 1
--- !u!1 &143898
GameObject:
  m_ObjectHideFlags: 1
  m_PrefabParentObject: {fileID: 0}
  m_PrefabInternal: {fileID: 100100000}
  serializedVersion: 4
  m_Component:
  - 4: {fileID: 443900}
  - 108: {fileID: 10843796}
  m_Layer: 0
  m_Name: Point light
  m_TagString: Untagged
  m_Icon: {fileID: 0}
  m_NavMeshLayer: 0
  m_StaticEditorFlags: 4294967295
  m_IsActive: 1
--- !u!1 &143900
GameObject:
  m_ObjectHideFlags: 1
  m_PrefabParentObject: {fileID: 0}
  m_PrefabInternal: {fileID: 100100000}
  serializedVersion: 4
  m_Component:
  - 4: {fileID: 443896}
  - 65: {fileID: 6543810}
  m_Layer: 0
  m_Name: Collider
  m_TagString: Untagged
  m_Icon: {fileID: 0}
  m_NavMeshLayer: 0
  m_StaticEditorFlags: 4294967295
  m_IsActive: 1
--- !u!1 &143902
GameObject:
  m_ObjectHideFlags: 1
  m_PrefabParentObject: {fileID: 0}
  m_PrefabInternal: {fileID: 100100000}
  serializedVersion: 4
  m_Component:
  - 4: {fileID: 443892}
  - 65: {fileID: 6543808}
  m_Layer: 0
  m_Name: Collider
  m_TagString: Untagged
  m_Icon: {fileID: 0}
  m_NavMeshLayer: 0
  m_StaticEditorFlags: 4294967295
  m_IsActive: 1
--- !u!1 &143904
GameObject:
  m_ObjectHideFlags: 1
  m_PrefabParentObject: {fileID: 0}
  m_PrefabInternal: {fileID: 100100000}
  serializedVersion: 4
  m_Component:
  - 4: {fileID: 443902}
  - 65: {fileID: 6543812}
  m_Layer: 0
  m_Name: Collider
  m_TagString: Untagged
  m_Icon: {fileID: 0}
  m_NavMeshLayer: 0
  m_StaticEditorFlags: 4294967295
  m_IsActive: 1
--- !u!4 &443772
Transform:
  m_ObjectHideFlags: 1
  m_PrefabParentObject: {fileID: 0}
  m_PrefabInternal: {fileID: 100100000}
  m_GameObject: {fileID: 143772}
  m_LocalRotation: {x: -.707106829, y: 1.1920929e-07, z: 1.1920929e-07, w: .707106829}
  m_LocalPosition: {x: -1.398, y: 0, z: -0}
  m_LocalScale: {x: 1, y: 1, z: 1}
  m_Children: []
  m_Father: {fileID: 443812}
  m_RootOrder: 6
--- !u!4 &443774
Transform:
  m_ObjectHideFlags: 1
  m_PrefabParentObject: {fileID: 0}
  m_PrefabInternal: {fileID: 100100000}
  m_GameObject: {fileID: 143774}
  m_LocalRotation: {x: .49999997, y: .50000006, z: -.50000006, w: .49999997}
  m_LocalPosition: {x: -1.36295772, y: .393645763, z: .710558057}
  m_LocalScale: {x: 1.52658331, y: 1, z: .679773211}
  m_Children: []
  m_Father: {fileID: 443888}
  m_RootOrder: 1
--- !u!4 &443776
Transform:
  m_ObjectHideFlags: 1
  m_PrefabParentObject: {fileID: 0}
  m_PrefabInternal: {fileID: 100100000}
  m_GameObject: {fileID: 143776}
  m_LocalRotation: {x: .707106888, y: 0, z: 0, w: .707106769}
  m_LocalPosition: {x: -.700406849, y: .393617392, z: 1.13766038}
  m_LocalScale: {x: 1.52658319, y: 1, z: .679772794}
  m_Children: []
  m_Father: {fileID: 443812}
  m_RootOrder: 1
--- !u!4 &443778
Transform:
  m_ObjectHideFlags: 1
  m_PrefabParentObject: {fileID: 0}
  m_PrefabInternal: {fileID: 100100000}
  m_GameObject: {fileID: 143778}
  m_LocalRotation: {x: 0, y: .707106888, z: 0, w: .707106769}
  m_LocalPosition: {x: -.685699344, y: .0477682352, z: .685922146}
  m_LocalScale: {x: 1.41999996, y: .00999999978, z: 1.37}
  m_Children: []
  m_Father: {fileID: 443830}
  m_RootOrder: 0
--- !u!4 &443780
Transform:
  m_ObjectHideFlags: 1
  m_PrefabParentObject: {fileID: 0}
  m_PrefabInternal: {fileID: 100100000}
  m_GameObject: {fileID: 143780}
  m_LocalRotation: {x: 0, y: .382683486, z: 0, w: .923879504}
  m_LocalPosition: {x: 1.62497425, y: .705315948, z: -3.02475357}
  m_LocalScale: {x: 1, y: 1, z: 1}
  m_Children:
  - {fileID: 443782}
  m_Father: {fileID: 443834}
  m_RootOrder: 0
--- !u!4 &443782
Transform:
  m_ObjectHideFlags: 1
  m_PrefabParentObject: {fileID: 0}
  m_PrefabInternal: {fileID: 100100000}
  m_GameObject: {fileID: 143782}
  m_LocalRotation: {x: -.707106829, y: 0, z: -0, w: .707106829}
  m_LocalPosition: {x: 0, y: 0, z: 0}
  m_LocalScale: {x: 1, y: 1, z: 1}
  m_Children: []
  m_Father: {fileID: 443780}
  m_RootOrder: 0
--- !u!4 &443784
Transform:
  m_ObjectHideFlags: 1
  m_PrefabParentObject: {fileID: 0}
  m_PrefabInternal: {fileID: 100100000}
  m_GameObject: {fileID: 143784}
  m_LocalRotation: {x: -.707106829, y: 0, z: -0, w: .707106829}
  m_LocalPosition: {x: 0, y: 0, z: 0}
  m_LocalScale: {x: 1, y: 1, z: 1}
  m_Children: []
  m_Father: {fileID: 443786}
  m_RootOrder: 0
--- !u!4 &443786
Transform:
  m_ObjectHideFlags: 1
  m_PrefabParentObject: {fileID: 0}
  m_PrefabInternal: {fileID: 100100000}
  m_GameObject: {fileID: 143786}
  m_LocalRotation: {x: 0, y: .382684052, z: 0, w: .923879325}
  m_LocalPosition: {x: 2.51775861, y: .705316126, z: -3.9175396}
  m_LocalScale: {x: 1, y: 1, z: 1}
  m_Children:
  - {fileID: 443784}
  m_Father: {fileID: 443834}
  m_RootOrder: 1
--- !u!4 &443788
Transform:
  m_ObjectHideFlags: 1
  m_PrefabParentObject: {fileID: 0}
  m_PrefabInternal: {fileID: 100100000}
  m_GameObject: {fileID: 143788}
  m_LocalRotation: {x: 0, y: -.382683486, z: 0, w: .923879504}
  m_LocalPosition: {x: 2.53397679, y: .00502565783, z: -.295814782}
  m_LocalScale: {x: 1, y: 1, z: 1}
  m_Children:
  - {fileID: 443790}
  m_Father: {fileID: 443834}
  m_RootOrder: 2
--- !u!4 &443790
Transform:
  m_ObjectHideFlags: 1
  m_PrefabParentObject: {fileID: 0}
  m_PrefabInternal: {fileID: 100100000}
  m_GameObject: {fileID: 143790}
  m_LocalRotation: {x: -.707106829, y: 0, z: -0, w: .707106829}
  m_LocalPosition: {x: 0, y: 0, z: 0}
  m_LocalScale: {x: 1, y: 1, z: 1}
  m_Children: []
  m_Father: {fileID: 443788}
  m_RootOrder: 0
--- !u!4 &443792
Transform:
  m_ObjectHideFlags: 1
  m_PrefabParentObject: {fileID: 0}
  m_PrefabInternal: {fileID: 100100000}
  m_GameObject: {fileID: 143792}
  m_LocalRotation: {x: -.707106829, y: 0, z: -0, w: .707106829}
  m_LocalPosition: {x: 0, y: 0, z: 0}
  m_LocalScale: {x: 1, y: 1, z: 1}
  m_Children: []
  m_Father: {fileID: 443794}
  m_RootOrder: 0
--- !u!4 &443794
Transform:
  m_ObjectHideFlags: 1
  m_PrefabParentObject: {fileID: 0}
  m_PrefabInternal: {fileID: 100100000}
  m_GameObject: {fileID: 143794}
  m_LocalRotation: {x: 0, y: -.382683486, z: 0, w: .923879504}
  m_LocalPosition: {x: 1.63744378, y: .00502565783, z: -1.17105496}
  m_LocalScale: {x: 1, y: 1, z: 1}
  m_Children:
  - {fileID: 443792}
  m_Father: {fileID: 443834}
  m_RootOrder: 3
--- !u!4 &443796
Transform:
  m_ObjectHideFlags: 1
  m_PrefabParentObject: {fileID: 0}
  m_PrefabInternal: {fileID: 100100000}
  m_GameObject: {fileID: 143796}
  m_LocalRotation: {x: 0, y: .382684052, z: 0, w: .923879325}
  m_LocalPosition: {x: -.23378849, y: 1.40672457, z: -4.17856741}
  m_LocalScale: {x: 1, y: 1, z: 1}
  m_Children:
  - {fileID: 443798}
  m_Father: {fileID: 443834}
  m_RootOrder: 4
--- !u!4 &443798
Transform:
  m_ObjectHideFlags: 1
  m_PrefabParentObject: {fileID: 0}
  m_PrefabInternal: {fileID: 100100000}
  m_GameObject: {fileID: 143798}
  m_LocalRotation: {x: -.707106829, y: 0, z: -0, w: .707106829}
  m_LocalPosition: {x: 0, y: 0, z: 0}
  m_LocalScale: {x: 1, y: 1, z: 1}
  m_Children: []
  m_Father: {fileID: 443796}
  m_RootOrder: 0
--- !u!4 &443800
Transform:
  m_ObjectHideFlags: 1
  m_PrefabParentObject: {fileID: 0}
  m_PrefabInternal: {fileID: 100100000}
  m_GameObject: {fileID: 143800}
  m_LocalRotation: {x: -.707106829, y: 0, z: -0, w: .707106829}
  m_LocalPosition: {x: 0, y: 0, z: 0}
  m_LocalScale: {x: 1, y: 1, z: 1}
  m_Children: []
  m_Father: {fileID: 443802}
  m_RootOrder: 0
--- !u!4 &443802
Transform:
  m_ObjectHideFlags: 1
  m_PrefabParentObject: {fileID: 0}
  m_PrefabInternal: {fileID: 100100000}
  m_GameObject: {fileID: 143802}
  m_LocalRotation: {x: 0, y: .382684052, z: 0, w: .923879325}
  m_LocalPosition: {x: -1.1265378, y: 1.40672457, z: -3.28580809}
  m_LocalScale: {x: 1, y: 1, z: 1}
  m_Children:
  - {fileID: 443800}
  m_Father: {fileID: 443834}
  m_RootOrder: 5
--- !u!4 &443804
Transform:
  m_ObjectHideFlags: 1
  m_PrefabParentObject: {fileID: 0}
  m_PrefabInternal: {fileID: 100100000}
  m_GameObject: {fileID: 143804}
  m_LocalRotation: {x: 0, y: .382684052, z: 0, w: .923879325}
  m_LocalPosition: {x: -1.12651253, y: .00648682425, z: -3.28580809}
  m_LocalScale: {x: 1, y: 1, z: 1}
  m_Children:
  - {fileID: 443806}
  m_Father: {fileID: 443834}
  m_RootOrder: 6
--- !u!4 &443806
Transform:
  m_ObjectHideFlags: 1
  m_PrefabParentObject: {fileID: 0}
  m_PrefabInternal: {fileID: 100100000}
  m_GameObject: {fileID: 143806}
  m_LocalRotation: {x: -.707106829, y: 0, z: -0, w: .707106829}
  m_LocalPosition: {x: 0, y: 0, z: 0}
  m_LocalScale: {x: 1, y: 1, z: 1}
  m_Children: []
  m_Father: {fileID: 443804}
  m_RootOrder: 0
--- !u!4 &443808
Transform:
  m_ObjectHideFlags: 1
  m_PrefabParentObject: {fileID: 0}
  m_PrefabInternal: {fileID: 100100000}
  m_GameObject: {fileID: 143808}
  m_LocalRotation: {x: -.707106829, y: 0, z: -0, w: .707106829}
  m_LocalPosition: {x: 0, y: 0, z: 0}
  m_LocalScale: {x: 1, y: 1, z: 1}
  m_Children: []
  m_Father: {fileID: 443810}
  m_RootOrder: 0
--- !u!4 &443810
Transform:
  m_ObjectHideFlags: 1
  m_PrefabParentObject: {fileID: 0}
  m_PrefabInternal: {fileID: 100100000}
  m_GameObject: {fileID: 143810}
  m_LocalRotation: {x: 0, y: .382684052, z: 0, w: .923879325}
  m_LocalPosition: {x: -.23378849, y: .00648682425, z: -4.17856741}
  m_LocalScale: {x: 1, y: 1, z: 1}
  m_Children:
  - {fileID: 443808}
  m_Father: {fileID: 443834}
  m_RootOrder: 7
--- !u!4 &443812
Transform:
  m_ObjectHideFlags: 1
  m_PrefabParentObject: {fileID: 0}
  m_PrefabInternal: {fileID: 100100000}
  m_GameObject: {fileID: 143812}
  m_LocalRotation: {x: 0, y: -.707106888, z: 0, w: .707106769}
  m_LocalPosition: {x: -.198220998, y: 2.09949994, z: -4.40168905}
  m_LocalScale: {x: 1, y: 1, z: 1}
  m_Children:
  - {fileID: 443828}
  - {fileID: 443776}
  - {fileID: 443880}
  - {fileID: 443814}
  - {fileID: 443816}
  - {fileID: 443818}
  - {fileID: 443772}
  m_Father: {fileID: 443834}
  m_RootOrder: 11
--- !u!4 &443814
Transform:
  m_ObjectHideFlags: 1
  m_PrefabParentObject: {fileID: 0}
  m_PrefabInternal: {fileID: 100100000}
  m_GameObject: {fileID: 143818}
  m_LocalRotation: {x: -.288629025, y: -.645517945, z: .288629055, w: -.645517826}
  m_LocalPosition: {x: -.702321231, y: .15590702, z: .04645117}
  m_LocalScale: {x: .574202359, y: .574202418, z: .574202418}
  m_Children: []
  m_Father: {fileID: 443812}
  m_RootOrder: 3
--- !u!4 &443816
Transform:
  m_ObjectHideFlags: 1
  m_PrefabParentObject: {fileID: 0}
  m_PrefabInternal: {fileID: 100100000}
  m_GameObject: {fileID: 143816}
  m_LocalRotation: {x: -.288629025, y: -.645517945, z: .288629055, w: -.645517826}
  m_LocalPosition: {x: -.702321112, y: .155907005, z: 1.16550922}
  m_LocalScale: {x: .574202001, y: .574202061, z: .574202001}
  m_Children: []
  m_Father: {fileID: 443812}
  m_RootOrder: 4
--- !u!4 &443818
Transform:
  m_ObjectHideFlags: 1
  m_PrefabParentObject: {fileID: 0}
  m_PrefabInternal: {fileID: 100100000}
  m_GameObject: {fileID: 143814}
  m_LocalRotation: {x: -.707106829, y: 0, z: -0, w: .707106829}
  m_LocalPosition: {x: 0, y: 0, z: 0}
  m_LocalScale: {x: 1, y: 1, z: 1}
  m_Children: []
  m_Father: {fileID: 443812}
  m_RootOrder: 5
--- !u!4 &443820
Transform:
  m_ObjectHideFlags: 1
  m_PrefabParentObject: {fileID: 0}
  m_PrefabInternal: {fileID: 100100000}
  m_GameObject: {fileID: 143826}
  m_LocalRotation: {x: -.5, y: .5, z: .5, w: .5}
  m_LocalPosition: {x: -0, y: 0, z: 0}
  m_LocalScale: {x: 1, y: 1, z: 1}
  m_Children: []
  m_Father: {fileID: 443830}
  m_RootOrder: 5
--- !u!4 &443822
Transform:
  m_ObjectHideFlags: 1
  m_PrefabParentObject: {fileID: 0}
  m_PrefabInternal: {fileID: 100100000}
  m_GameObject: {fileID: 143820}
  m_LocalRotation: {x: .49999997, y: .50000006, z: -.50000006, w: .49999997}
  m_LocalPosition: {x: -1.36295772, y: .393645763, z: .710558057}
  m_LocalScale: {x: 1.52658331, y: 1, z: .679773211}
  m_Children: []
  m_Father: {fileID: 443830}
  m_RootOrder: 1
--- !u!4 &443824
Transform:
  m_ObjectHideFlags: 1
  m_PrefabParentObject: {fileID: 0}
  m_PrefabInternal: {fileID: 100100000}
  m_GameObject: {fileID: 143828}
  m_LocalRotation: {x: -.408183098, y: 0, z: -1.49011612e-08, w: -.91290009}
  m_LocalPosition: {x: -1.3594873, y: .183028907, z: .702916741}
  m_LocalScale: {x: .574202001, y: .574202061, z: .574202061}
  m_Children: []
  m_Father: {fileID: 443830}
  m_RootOrder: 4
--- !u!4 &443826
Transform:
  m_ObjectHideFlags: 1
  m_PrefabParentObject: {fileID: 0}
  m_PrefabInternal: {fileID: 100100000}
  m_GameObject: {fileID: 143830}
  m_LocalRotation: {x: -.408183098, y: 0, z: -1.49011612e-08, w: -.91290009}
  m_LocalPosition: {x: -.701408803, y: .183028877, z: 8.36144523e-08}
  m_LocalScale: {x: .574202001, y: .574202061, z: .574202061}
  m_Children: []
  m_Father: {fileID: 443830}
  m_RootOrder: 3
--- !u!4 &443828
Transform:
  m_ObjectHideFlags: 1
  m_PrefabParentObject: {fileID: 0}
  m_PrefabInternal: {fileID: 100100000}
  m_GameObject: {fileID: 143824}
  m_LocalRotation: {x: 0, y: .707106948, z: 0, w: .707106709}
  m_LocalPosition: {x: -.670684695, y: .0503900051, z: .610185862}
  m_LocalScale: {x: 1.16405666, y: .00999999885, z: 1.3700006}
  m_Children: []
  m_Father: {fileID: 443812}
  m_RootOrder: 0
--- !u!4 &443830
Transform:
  m_ObjectHideFlags: 1
  m_PrefabParentObject: {fileID: 0}
  m_PrefabInternal: {fileID: 100100000}
  m_GameObject: {fileID: 143832}
  m_LocalRotation: {x: 0, y: -.707106888, z: 0, w: .707106769}
  m_LocalPosition: {x: 2.80089808, y: 1.39851475, z: -2.80265236}
  m_LocalScale: {x: 1, y: 1, z: 1}
  m_Children:
  - {fileID: 443778}
  - {fileID: 443822}
  - {fileID: 443832}
  - {fileID: 443826}
  - {fileID: 443824}
  - {fileID: 443820}
  m_Father: {fileID: 443834}
  m_RootOrder: 9
--- !u!4 &443832
Transform:
  m_ObjectHideFlags: 1
  m_PrefabParentObject: {fileID: 0}
  m_PrefabInternal: {fileID: 100100000}
  m_GameObject: {fileID: 143822}
  m_LocalRotation: {x: .707106888, y: 0, z: 0, w: .707106769}
  m_LocalPosition: {x: -.69358772, y: .393645763, z: .0543886013}
  m_LocalScale: {x: 1.52658319, y: 1, z: .679772854}
  m_Children: []
  m_Father: {fileID: 443830}
  m_RootOrder: 2
--- !u!4 &443834
Transform:
  m_ObjectHideFlags: 1
  m_PrefabParentObject: {fileID: 0}
  m_PrefabInternal: {fileID: 100100000}
  m_GameObject: {fileID: 143834}
  m_LocalRotation: {x: 0, y: -.707106888, z: 0, w: .707106769}
  m_LocalPosition: {x: 162.039993, y: 119.959999, z: 148.580002}
  m_LocalScale: {x: 3.5, y: 4, z: 3.5}
  m_Children:
  - {fileID: 443780}
  - {fileID: 443786}
  - {fileID: 443788}
  - {fileID: 443794}
  - {fileID: 443796}
  - {fileID: 443802}
  - {fileID: 443804}
  - {fileID: 443810}
  - {fileID: 443852}
  - {fileID: 443830}
  - {fileID: 443888}
  - {fileID: 443812}
  - {fileID: 443838}
  - {fileID: 443874}
  - {fileID: 443894}
  m_Father: {fileID: 0}
  m_RootOrder: 0
--- !u!4 &443836
Transform:
  m_ObjectHideFlags: 1
  m_PrefabParentObject: {fileID: 0}
  m_PrefabInternal: {fileID: 100100000}
  m_GameObject: {fileID: 143846}
  m_LocalRotation: {x: .677364588, y: .202921793, z: .202921897, w: .677364588}
  m_LocalPosition: {x: -.880733788, y: -.0503844023, z: 1.16265297}
  m_LocalScale: {x: 1.32165325, y: 1, z: .60291779}
  m_Children: []
  m_Father: {fileID: 443838}
  m_RootOrder: 1
--- !u!4 &443838
Transform:
  m_ObjectHideFlags: 1
  m_PrefabParentObject: {fileID: 0}
  m_PrefabInternal: {fileID: 100100000}
  m_GameObject: {fileID: 143836}
  m_LocalRotation: {x: 0, y: 0, z: 0, w: 1}
  m_LocalPosition: {x: 1.40130687, y: .698070526, z: -1.20314217}
  m_LocalScale: {x: 1, y: 1, z: 1}
  m_Children:
  - {fileID: 443840}
  - {fileID: 443836}
  - {fileID: 443846}
  - {fileID: 443844}
  - {fileID: 443842}
  - {fileID: 443848}
  m_Father: {fileID: 443834}
  m_RootOrder: 12
--- !u!4 &443840
Transform:
  m_ObjectHideFlags: 1
  m_PrefabParentObject: {fileID: 0}
  m_PrefabInternal: {fileID: 100100000}
  m_GameObject: {fileID: 143844}
  m_LocalRotation: {x: -5.29509814e-09, y: -1.1131045e-09, z: .286904365, w: .957959235}
  m_LocalPosition: {x: -.699402213, y: -.30154264, z: .605268478}
  m_LocalScale: {x: 1.60000002, y: .200000003, z: 1.00999999}
  m_Children: []
  m_Father: {fileID: 443838}
  m_RootOrder: 0
--- !u!4 &443842
Transform:
  m_ObjectHideFlags: 1
  m_PrefabParentObject: {fileID: 0}
  m_PrefabInternal: {fileID: 100100000}
  m_GameObject: {fileID: 143840}
  m_LocalRotation: {x: -.408183098, y: 0, z: -1.49011612e-08, w: -.91290009}
  m_LocalPosition: {x: -.732358932, y: -.211879432, z: 1.17503119}
  m_LocalScale: {x: .574202001, y: .574202061, z: .574202061}
  m_Children: []
  m_Father: {fileID: 443838}
  m_RootOrder: 4
--- !u!4 &443844
Transform:
  m_ObjectHideFlags: 1
  m_PrefabParentObject: {fileID: 0}
  m_PrefabInternal: {fileID: 100100000}
  m_GameObject: {fileID: 143842}
  m_LocalRotation: {x: -.408183098, y: 0, z: -1.49011612e-08, w: -.91290009}
  m_LocalPosition: {x: -.734884262, y: -.211879432, z: .0492711067}
  m_LocalScale: {x: .574202001, y: .574202061, z: .574202061}
  m_Children: []
  m_Father: {fileID: 443838}
  m_RootOrder: 3
--- !u!4 &443846
Transform:
  m_ObjectHideFlags: 1
  m_PrefabParentObject: {fileID: 0}
  m_PrefabInternal: {fileID: 100100000}
  m_GameObject: {fileID: 143848}
  m_LocalRotation: {x: .677364588, y: .202921793, z: .202921897, w: .677364588}
  m_LocalPosition: {x: -.880733669, y: -.0503843427, z: .0397529602}
  m_LocalScale: {x: 1.32165325, y: 1, z: .60291779}
  m_Children: []
  m_Father: {fileID: 443838}
  m_RootOrder: 2
--- !u!4 &443848
Transform:
  m_ObjectHideFlags: 1
  m_PrefabParentObject: {fileID: 0}
  m_PrefabInternal: {fileID: 100100000}
  m_GameObject: {fileID: 143838}
  m_LocalRotation: {x: -.707106829, y: 1.06770166e-07, z: 1.06770166e-07, w: .707106829}
  m_LocalPosition: {x: -0, y: 0, z: 0}
  m_LocalScale: {x: 1, y: 1, z: 1}
  m_Children: []
  m_Father: {fileID: 443838}
  m_RootOrder: 5
--- !u!4 &443850
Transform:
  m_ObjectHideFlags: 1
  m_PrefabParentObject: {fileID: 0}
  m_PrefabInternal: {fileID: 100100000}
  m_GameObject: {fileID: 143860}
  m_LocalRotation: {x: .707106888, y: 0, z: 0, w: .707106769}
  m_LocalPosition: {x: -.69358772, y: .393645763, z: .0543886013}
  m_LocalScale: {x: 1.52658319, y: 1, z: .679772854}
  m_Children: []
  m_Father: {fileID: 443852}
  m_RootOrder: 2
--- !u!4 &443852
Transform:
  m_ObjectHideFlags: 1
  m_PrefabParentObject: {fileID: 0}
  m_PrefabInternal: {fileID: 100100000}
  m_GameObject: {fileID: 143850}
  m_LocalRotation: {x: 0, y: 1, z: 0, w: -1.62920685e-07}
  m_LocalPosition: {x: 1.40116298, y: .698070526, z: -.00324647408}
  m_LocalScale: {x: 1, y: 1, z: 1}
  m_Children:
  - {fileID: 443854}
  - {fileID: 443860}
  - {fileID: 443850}
  - {fileID: 443856}
  - {fileID: 443858}
  - {fileID: 443862}
  m_Father: {fileID: 443834}
  m_RootOrder: 8
--- !u!4 &443854
Transform:
  m_ObjectHideFlags: 1
  m_PrefabParentObject: {fileID: 0}
  m_PrefabInternal: {fileID: 100100000}
  m_GameObject: {fileID: 143858}
  m_LocalRotation: {x: 0, y: .707106888, z: 0, w: .707106769}
  m_LocalPosition: {x: -.685699344, y: .0477682352, z: .685922146}
  m_LocalScale: {x: 1.41999996, y: .00999999978, z: 1.37}
  m_Children: []
  m_Father: {fileID: 443852}
  m_RootOrder: 0
--- !u!4 &443856
Transform:
  m_ObjectHideFlags: 1
  m_PrefabParentObject: {fileID: 0}
  m_PrefabInternal: {fileID: 100100000}
  m_GameObject: {fileID: 143852}
  m_LocalRotation: {x: -.408183098, y: 0, z: -1.49011612e-08, w: -.91290009}
  m_LocalPosition: {x: -.701408803, y: .183028877, z: 8.36144523e-08}
  m_LocalScale: {x: .574202001, y: .574202061, z: .574202061}
  m_Children: []
  m_Father: {fileID: 443852}
  m_RootOrder: 3
--- !u!4 &443858
Transform:
  m_ObjectHideFlags: 1
  m_PrefabParentObject: {fileID: 0}
  m_PrefabInternal: {fileID: 100100000}
  m_GameObject: {fileID: 143854}
  m_LocalRotation: {x: -.408183098, y: 0, z: -1.49011612e-08, w: -.91290009}
  m_LocalPosition: {x: -1.3594873, y: .183028907, z: .702916741}
  m_LocalScale: {x: .574202001, y: .574202061, z: .574202061}
  m_Children: []
  m_Father: {fileID: 443852}
  m_RootOrder: 4
--- !u!4 &443860
Transform:
  m_ObjectHideFlags: 1
  m_PrefabParentObject: {fileID: 0}
  m_PrefabInternal: {fileID: 100100000}
  m_GameObject: {fileID: 143862}
  m_LocalRotation: {x: .49999997, y: .50000006, z: -.50000006, w: .49999997}
  m_LocalPosition: {x: -1.36295772, y: .393645763, z: .710558057}
  m_LocalScale: {x: 1.52658331, y: 1, z: .679773211}
  m_Children: []
  m_Father: {fileID: 443852}
  m_RootOrder: 1
--- !u!4 &443862
Transform:
  m_ObjectHideFlags: 1
  m_PrefabParentObject: {fileID: 0}
  m_PrefabInternal: {fileID: 100100000}
  m_GameObject: {fileID: 143856}
  m_LocalRotation: {x: -.5, y: .5, z: .5, w: .5}
  m_LocalPosition: {x: -0, y: 0, z: 0}
  m_LocalScale: {x: 1, y: 1, z: 1}
  m_Children: []
  m_Father: {fileID: 443852}
  m_RootOrder: 5
--- !u!4 &443864
Transform:
  m_ObjectHideFlags: 1
  m_PrefabParentObject: {fileID: 0}
  m_PrefabInternal: {fileID: 100100000}
  m_GameObject: {fileID: 143874}
  m_LocalRotation: {x: -.707106829, y: 1.06770166e-07, z: 1.06770166e-07, w: .707106829}
  m_LocalPosition: {x: -0, y: 0, z: 0}
  m_LocalScale: {x: 1, y: 1, z: 1}
  m_Children: []
  m_Father: {fileID: 443874}
  m_RootOrder: 5
--- !u!4 &443866
Transform:
  m_ObjectHideFlags: 1
  m_PrefabParentObject: {fileID: 0}
  m_PrefabInternal: {fileID: 100100000}
  m_GameObject: {fileID: 143864}
  m_LocalRotation: {x: .676411152, y: .206077442, z: .206077382, w: .676411271}
  m_LocalPosition: {x: -.895284474, y: -.0639607906, z: .0532875136}
  m_LocalScale: {x: 1.32165325, y: 1, z: .60291779}
  m_Children: []
  m_Father: {fileID: 443874}
  m_RootOrder: 2
--- !u!4 &443868
Transform:
  m_ObjectHideFlags: 1
  m_PrefabParentObject: {fileID: 0}
  m_PrefabInternal: {fileID: 100100000}
  m_GameObject: {fileID: 143870}
  m_LocalRotation: {x: -.408183098, y: 0, z: -1.49011612e-08, w: -.91290009}
  m_LocalPosition: {x: -.734884262, y: -.211879432, z: .0492711067}
  m_LocalScale: {x: .574202001, y: .574202061, z: .574202061}
  m_Children: []
  m_Father: {fileID: 443874}
  m_RootOrder: 3
--- !u!4 &443870
Transform:
  m_ObjectHideFlags: 1
  m_PrefabParentObject: {fileID: 0}
  m_PrefabInternal: {fileID: 100100000}
  m_GameObject: {fileID: 143872}
  m_LocalRotation: {x: -.408183098, y: 0, z: -1.49011612e-08, w: -.91290009}
  m_LocalPosition: {x: -.732358932, y: -.211879432, z: 1.17503119}
  m_LocalScale: {x: .574202001, y: .574202061, z: .574202061}
  m_Children: []
  m_Father: {fileID: 443874}
  m_RootOrder: 4
--- !u!4 &443872
Transform:
  m_ObjectHideFlags: 1
  m_PrefabParentObject: {fileID: 0}
  m_PrefabInternal: {fileID: 100100000}
  m_GameObject: {fileID: 143868}
  m_LocalRotation: {x: 0, y: 0, z: .27545476, w: .961314082}
  m_LocalPosition: {x: -.699108124, y: -.30154264, z: .596923232}
  m_LocalScale: {x: 1.60000002, y: .200000003, z: 1.00999999}
  m_Children: []
  m_Father: {fileID: 443874}
  m_RootOrder: 0
--- !u!4 &443874
Transform:
  m_ObjectHideFlags: 1
  m_PrefabParentObject: {fileID: 0}
  m_PrefabInternal: {fileID: 100100000}
  m_GameObject: {fileID: 143876}
  m_LocalRotation: {x: 0, y: .707106888, z: 0, w: .707106769}
  m_LocalPosition: {x: 1.601089, y: 1.39857054, z: -2.80264282}
  m_LocalScale: {x: 1, y: 1, z: 1}
  m_Children:
  - {fileID: 443872}
  - {fileID: 443876}
  - {fileID: 443866}
  - {fileID: 443868}
  - {fileID: 443870}
  - {fileID: 443864}
  m_Father: {fileID: 443834}
  m_RootOrder: 13
--- !u!4 &443876
Transform:
  m_ObjectHideFlags: 1
  m_PrefabParentObject: {fileID: 0}
  m_PrefabInternal: {fileID: 100100000}
  m_GameObject: {fileID: 143866}
  m_LocalRotation: {x: .676411152, y: .206077442, z: .206077382, w: .676411271}
  m_LocalPosition: {x: -.895284474, y: -.063960433, z: 1.16262269}
  m_LocalScale: {x: 1.32165325, y: 1, z: .60291779}
  m_Children: []
  m_Father: {fileID: 443874}
  m_RootOrder: 1
--- !u!4 &443878
Transform:
  m_ObjectHideFlags: 1
  m_PrefabParentObject: {fileID: 0}
  m_PrefabInternal: {fileID: 100100000}
  m_GameObject: {fileID: 143884}
  m_LocalRotation: {x: -.5, y: .5, z: .5, w: .5}
  m_LocalPosition: {x: -0, y: 0, z: 0}
  m_LocalScale: {x: 1, y: 1, z: 1}
  m_Children: []
  m_Father: {fileID: 443888}
  m_RootOrder: 5
--- !u!4 &443880
Transform:
  m_ObjectHideFlags: 1
  m_PrefabParentObject: {fileID: 0}
  m_PrefabInternal: {fileID: 100100000}
  m_GameObject: {fileID: 143878}
  m_LocalRotation: {x: .707106829, y: 1.05367135e-07, z: -1.05367135e-07, w: .707106829}
  m_LocalPosition: {x: -.700405061, y: .39361763, z: .0545445867}
  m_LocalScale: {x: 1.52658355, y: 1, z: .679772854}
  m_Children: []
  m_Father: {fileID: 443812}
  m_RootOrder: 2
--- !u!4 &443882
Transform:
  m_ObjectHideFlags: 1
  m_PrefabParentObject: {fileID: 0}
  m_PrefabInternal: {fileID: 100100000}
  m_GameObject: {fileID: 143886}
  m_LocalRotation: {x: -.408183098, y: 0, z: -1.49011612e-08, w: -.91290009}
  m_LocalPosition: {x: -1.3594873, y: .183028907, z: .702916741}
  m_LocalScale: {x: .574202001, y: .574202061, z: .574202061}
  m_Children: []
  m_Father: {fileID: 443888}
  m_RootOrder: 4
--- !u!4 &443884
Transform:
  m_ObjectHideFlags: 1
  m_PrefabParentObject: {fileID: 0}
  m_PrefabInternal: {fileID: 100100000}
  m_GameObject: {fileID: 143888}
  m_LocalRotation: {x: -.408183098, y: 0, z: -1.49011612e-08, w: -.91290009}
  m_LocalPosition: {x: -.701408803, y: .183028877, z: 8.36144523e-08}
  m_LocalScale: {x: .574202001, y: .574202061, z: .574202061}
  m_Children: []
  m_Father: {fileID: 443888}
  m_RootOrder: 3
--- !u!4 &443886
Transform:
  m_ObjectHideFlags: 1
  m_PrefabParentObject: {fileID: 0}
  m_PrefabInternal: {fileID: 100100000}
  m_GameObject: {fileID: 143882}
  m_LocalRotation: {x: 0, y: .707106888, z: 0, w: .707106769}
  m_LocalPosition: {x: -.685699344, y: .0477682352, z: .685922146}
  m_LocalScale: {x: 1.41999996, y: .00999999978, z: 1.37}
  m_Children: []
  m_Father: {fileID: 443888}
  m_RootOrder: 0
--- !u!4 &443888
Transform:
  m_ObjectHideFlags: 1
  m_PrefabParentObject: {fileID: 0}
  m_PrefabInternal: {fileID: 100100000}
  m_GameObject: {fileID: 143890}
  m_LocalRotation: {x: 0, y: .707106888, z: 0, w: .707106769}
  m_LocalPosition: {x: -1.39818418, y: 2.09947205, z: -4.40174723}
  m_LocalScale: {x: 1, y: 1, z: 1}
  m_Children:
  - {fileID: 443886}
  - {fileID: 443774}
  - {fileID: 443890}
  - {fileID: 443884}
  - {fileID: 443882}
  - {fileID: 443878}
  m_Father: {fileID: 443834}
  m_RootOrder: 10
--- !u!4 &443890
Transform:
  m_ObjectHideFlags: 1
  m_PrefabParentObject: {fileID: 0}
  m_PrefabInternal: {fileID: 100100000}
  m_GameObject: {fileID: 143880}
  m_LocalRotation: {x: .707106888, y: 0, z: 0, w: .707106769}
  m_LocalPosition: {x: -.69358772, y: .393645763, z: .0543886013}
  m_LocalScale: {x: 1.52658319, y: 1, z: .679772854}
  m_Children: []
  m_Father: {fileID: 443888}
  m_RootOrder: 2
--- !u!4 &443892
Transform:
  m_ObjectHideFlags: 1
  m_PrefabParentObject: {fileID: 0}
  m_PrefabInternal: {fileID: 100100000}
  m_GameObject: {fileID: 143902}
  m_LocalRotation: {x: .676892817, y: .204489827, z: .204489782, w: .676892936}
  m_LocalPosition: {x: -.852053821, y: -.0410237312, z: 1.16265059}
  m_LocalScale: {x: 1.32165325, y: 1, z: .60291779}
  m_Children: []
  m_Father: {fileID: 443894}
  m_RootOrder: 1
--- !u!4 &443894
Transform:
  m_ObjectHideFlags: 1
  m_PrefabParentObject: {fileID: 0}
  m_PrefabInternal: {fileID: 100100000}
  m_GameObject: {fileID: 143892}
  m_LocalRotation: {x: 0, y: 1, z: 0, w: -1.62920685e-07}
  m_LocalPosition: {x: .00162804092, y: 2.09969521, z: -3.0023706}
  m_LocalScale: {x: 1, y: 1, z: 1}
  m_Children:
  - {fileID: 443896}
  - {fileID: 443892}
  - {fileID: 443902}
  - {fileID: 443900}
  - {fileID: 443898}
  - {fileID: 443904}
  m_Father: {fileID: 443834}
  m_RootOrder: 14
--- !u!4 &443896
Transform:
  m_ObjectHideFlags: 1
  m_PrefabParentObject: {fileID: 0}
  m_PrefabInternal: {fileID: 100100000}
  m_GameObject: {fileID: 143900}
  m_LocalRotation: {x: -5.8888534e-09, y: 4.31697522e-08, z: .293446451, w: .955975592}
  m_LocalPosition: {x: -.699401438, y: -.30154264, z: .60526824}
  m_LocalScale: {x: 1.60000002, y: .200000003, z: 1.00999999}
  m_Children: []
  m_Father: {fileID: 443894}
  m_RootOrder: 0
--- !u!4 &443898
Transform:
  m_ObjectHideFlags: 1
  m_PrefabParentObject: {fileID: 0}
  m_PrefabInternal: {fileID: 100100000}
  m_GameObject: {fileID: 143896}
  m_LocalRotation: {x: -.408183098, y: 0, z: -1.49011612e-08, w: -.91290009}
  m_LocalPosition: {x: -.732358932, y: -.211879432, z: 1.17503119}
  m_LocalScale: {x: .574202001, y: .574202061, z: .574202061}
  m_Children: []
  m_Father: {fileID: 443894}
  m_RootOrder: 4
--- !u!4 &443900
Transform:
  m_ObjectHideFlags: 1
  m_PrefabParentObject: {fileID: 0}
  m_PrefabInternal: {fileID: 100100000}
  m_GameObject: {fileID: 143898}
  m_LocalRotation: {x: -.408183098, y: 0, z: -1.49011612e-08, w: -.91290009}
  m_LocalPosition: {x: -.734884262, y: -.211879432, z: .0492711067}
  m_LocalScale: {x: .574202001, y: .574202061, z: .574202061}
  m_Children: []
  m_Father: {fileID: 443894}
  m_RootOrder: 3
--- !u!4 &443902
Transform:
  m_ObjectHideFlags: 1
  m_PrefabParentObject: {fileID: 0}
  m_PrefabInternal: {fileID: 100100000}
  m_GameObject: {fileID: 143904}
  m_LocalRotation: {x: .676892817, y: .204489827, z: .204489782, w: .676892936}
  m_LocalPosition: {x: -.852053821, y: -.0410237312, z: .0491749831}
  m_LocalScale: {x: 1.32165325, y: 1, z: .60291779}
  m_Children: []
  m_Father: {fileID: 443894}
  m_RootOrder: 2
--- !u!4 &443904
Transform:
  m_ObjectHideFlags: 1
  m_PrefabParentObject: {fileID: 0}
  m_PrefabInternal: {fileID: 100100000}
  m_GameObject: {fileID: 143894}
  m_LocalRotation: {x: -.707106829, y: 1.06770166e-07, z: 1.06770166e-07, w: .707106829}
  m_LocalPosition: {x: -0, y: 0, z: 0}
  m_LocalScale: {x: 1, y: 1, z: 1}
  m_Children: []
  m_Father: {fileID: 443894}
  m_RootOrder: 5
--- !u!23 &2343772
Renderer:
  m_ObjectHideFlags: 1
  m_PrefabParentObject: {fileID: 0}
  m_PrefabInternal: {fileID: 100100000}
  m_GameObject: {fileID: 143772}
  m_Enabled: 1
  m_CastShadows: 1
  m_ReceiveShadows: 1
  m_LightmapIndex: 12
  m_LightmapTilingOffset: {x: .1015625, y: .1015625, z: .210540771, w: .815032959}
  m_Materials:
  - {fileID: 2100000, guid: 299b77df2eaac459c86a409635d65cc4, type: 2}
  - {fileID: 2100000, guid: 2b71a5ff927794926a9f2e89111c842e, type: 2}
  - {fileID: 2100000, guid: 395d8a14b2b4e430593b6daf869842a3, type: 2}
  m_SubsetIndices: 
  m_StaticBatchRoot: {fileID: 0}
  m_UseLightProbes: 0
  m_LightProbeAnchor: {fileID: 0}
  m_ScaleInLightmap: 1
  m_SortingLayerID: 0
  m_SortingOrder: 0
--- !u!23 &2343774
Renderer:
  m_ObjectHideFlags: 1
  m_PrefabParentObject: {fileID: 0}
  m_PrefabInternal: {fileID: 100100000}
  m_GameObject: {fileID: 143782}
  m_Enabled: 1
  m_CastShadows: 1
  m_ReceiveShadows: 1
  m_LightmapIndex: 4
  m_LightmapTilingOffset: {x: .0693359375, y: .06933593, z: .898166656, w: .273166656}
  m_Materials:
  - {fileID: 2100000, guid: 299b77df2eaac459c86a409635d65cc4, type: 2}
  m_SubsetIndices: 
  m_StaticBatchRoot: {fileID: 0}
  m_UseLightProbes: 0
  m_LightProbeAnchor: {fileID: 0}
  m_ScaleInLightmap: 1
  m_SortingLayerID: 0
  m_SortingOrder: 0
--- !u!23 &2343776
Renderer:
  m_ObjectHideFlags: 1
  m_PrefabParentObject: {fileID: 0}
  m_PrefabInternal: {fileID: 100100000}
  m_GameObject: {fileID: 143784}
  m_Enabled: 1
  m_CastShadows: 1
  m_ReceiveShadows: 1
  m_LightmapIndex: 4
  m_LightmapTilingOffset: {x: .0693359375, y: .06933593, z: .898166656, w: .337619781}
  m_Materials:
  - {fileID: 2100000, guid: 299b77df2eaac459c86a409635d65cc4, type: 2}
  m_SubsetIndices: 
  m_StaticBatchRoot: {fileID: 0}
  m_UseLightProbes: 0
  m_LightProbeAnchor: {fileID: 0}
  m_ScaleInLightmap: 1
  m_SortingLayerID: 0
  m_SortingOrder: 0
--- !u!23 &2343778
Renderer:
  m_ObjectHideFlags: 1
  m_PrefabParentObject: {fileID: 0}
  m_PrefabInternal: {fileID: 100100000}
  m_GameObject: {fileID: 143790}
  m_Enabled: 1
  m_CastShadows: 1
  m_ReceiveShadows: 1
  m_LightmapIndex: 4
  m_LightmapTilingOffset: {x: .0693359375, y: .06933593, z: .898166656, w: .402072906}
  m_Materials:
  - {fileID: 2100000, guid: 299b77df2eaac459c86a409635d65cc4, type: 2}
  m_SubsetIndices: 
  m_StaticBatchRoot: {fileID: 0}
  m_UseLightProbes: 0
  m_LightProbeAnchor: {fileID: 0}
  m_ScaleInLightmap: 1
  m_SortingLayerID: 0
  m_SortingOrder: 0
--- !u!23 &2343780
Renderer:
  m_ObjectHideFlags: 1
  m_PrefabParentObject: {fileID: 0}
  m_PrefabInternal: {fileID: 100100000}
  m_GameObject: {fileID: 143792}
  m_Enabled: 1
  m_CastShadows: 1
  m_ReceiveShadows: 1
  m_LightmapIndex: 4
  m_LightmapTilingOffset: {x: .0693359375, y: .06933593, z: .898166656, w: .466526031}
  m_Materials:
  - {fileID: 2100000, guid: 299b77df2eaac459c86a409635d65cc4, type: 2}
  m_SubsetIndices: 
  m_StaticBatchRoot: {fileID: 0}
  m_UseLightProbes: 0
  m_LightProbeAnchor: {fileID: 0}
  m_ScaleInLightmap: 1
  m_SortingLayerID: 0
  m_SortingOrder: 0
--- !u!23 &2343782
Renderer:
  m_ObjectHideFlags: 1
  m_PrefabParentObject: {fileID: 0}
  m_PrefabInternal: {fileID: 100100000}
  m_GameObject: {fileID: 143798}
  m_Enabled: 1
  m_CastShadows: 1
  m_ReceiveShadows: 1
  m_LightmapIndex: 4
  m_LightmapTilingOffset: {x: .0693359375, y: .06933593, z: .898166656, w: .530979156}
  m_Materials:
  - {fileID: 2100000, guid: 299b77df2eaac459c86a409635d65cc4, type: 2}
  m_SubsetIndices: 
  m_StaticBatchRoot: {fileID: 0}
  m_UseLightProbes: 0
  m_LightProbeAnchor: {fileID: 0}
  m_ScaleInLightmap: 1
  m_SortingLayerID: 0
  m_SortingOrder: 0
--- !u!23 &2343784
Renderer:
  m_ObjectHideFlags: 1
  m_PrefabParentObject: {fileID: 0}
  m_PrefabInternal: {fileID: 100100000}
  m_GameObject: {fileID: 143800}
  m_Enabled: 1
  m_CastShadows: 1
  m_ReceiveShadows: 1
  m_LightmapIndex: 4
  m_LightmapTilingOffset: {x: .0693359375, y: .06933593, z: .898166656, w: .595432281}
  m_Materials:
  - {fileID: 2100000, guid: 299b77df2eaac459c86a409635d65cc4, type: 2}
  m_SubsetIndices: 
  m_StaticBatchRoot: {fileID: 0}
  m_UseLightProbes: 0
  m_LightProbeAnchor: {fileID: 0}
  m_ScaleInLightmap: 1
  m_SortingLayerID: 0
  m_SortingOrder: 0
--- !u!23 &2343786
Renderer:
  m_ObjectHideFlags: 1
  m_PrefabParentObject: {fileID: 0}
  m_PrefabInternal: {fileID: 100100000}
  m_GameObject: {fileID: 143806}
  m_Enabled: 1
  m_CastShadows: 1
  m_ReceiveShadows: 1
  m_LightmapIndex: 4
  m_LightmapTilingOffset: {x: .0693359375, y: .06933593, z: .898166656, w: .659885406}
  m_Materials:
  - {fileID: 2100000, guid: 299b77df2eaac459c86a409635d65cc4, type: 2}
  m_SubsetIndices: 
  m_StaticBatchRoot: {fileID: 0}
  m_UseLightProbes: 0
  m_LightProbeAnchor: {fileID: 0}
  m_ScaleInLightmap: 1
  m_SortingLayerID: 0
  m_SortingOrder: 0
--- !u!23 &2343788
Renderer:
  m_ObjectHideFlags: 1
  m_PrefabParentObject: {fileID: 0}
  m_PrefabInternal: {fileID: 100100000}
  m_GameObject: {fileID: 143808}
  m_Enabled: 1
  m_CastShadows: 1
  m_ReceiveShadows: 1
  m_LightmapIndex: 4
  m_LightmapTilingOffset: {x: .0693359375, y: .06933593, z: .898166656, w: .724338531}
  m_Materials:
  - {fileID: 2100000, guid: 299b77df2eaac459c86a409635d65cc4, type: 2}
  m_SubsetIndices: 
  m_StaticBatchRoot: {fileID: 0}
  m_UseLightProbes: 0
  m_LightProbeAnchor: {fileID: 0}
  m_ScaleInLightmap: 1
  m_SortingLayerID: 0
  m_SortingOrder: 0
--- !u!23 &2343790
Renderer:
  m_ObjectHideFlags: 1
  m_PrefabParentObject: {fileID: 0}
  m_PrefabInternal: {fileID: 100100000}
  m_GameObject: {fileID: 143814}
  m_Enabled: 1
  m_CastShadows: 1
  m_ReceiveShadows: 1
  m_LightmapIndex: 12
  m_LightmapTilingOffset: {x: .1015625, y: .1015625, z: .210540771, w: .815032959}
  m_Materials:
  - {fileID: 2100000, guid: 299b77df2eaac459c86a409635d65cc4, type: 2}
  - {fileID: 2100000, guid: 2b71a5ff927794926a9f2e89111c842e, type: 2}
  - {fileID: 2100000, guid: 395d8a14b2b4e430593b6daf869842a3, type: 2}
  m_SubsetIndices: 
  m_StaticBatchRoot: {fileID: 0}
  m_UseLightProbes: 0
  m_LightProbeAnchor: {fileID: 0}
  m_ScaleInLightmap: 1
  m_SortingLayerID: 0
  m_SortingOrder: 0
--- !u!23 &2343792
Renderer:
  m_ObjectHideFlags: 1
  m_PrefabParentObject: {fileID: 0}
  m_PrefabInternal: {fileID: 100100000}
  m_GameObject: {fileID: 143826}
  m_Enabled: 1
  m_CastShadows: 1
  m_ReceiveShadows: 1
  m_LightmapIndex: 10
  m_LightmapTilingOffset: {x: .107421875, y: .107421875, z: .447822571, w: .815010071}
  m_Materials:
  - {fileID: 2100000, guid: 2b71a5ff927794926a9f2e89111c842e, type: 2}
  - {fileID: 2100000, guid: 299b77df2eaac459c86a409635d65cc4, type: 2}
  - {fileID: 2100000, guid: 1d5333812121249db8f10d8860197064, type: 2}
  m_SubsetIndices: 
  m_StaticBatchRoot: {fileID: 0}
  m_UseLightProbes: 0
  m_LightProbeAnchor: {fileID: 0}
  m_ScaleInLightmap: 1
  m_SortingLayerID: 0
  m_SortingOrder: 0
--- !u!23 &2343794
Renderer:
  m_ObjectHideFlags: 1
  m_PrefabParentObject: {fileID: 0}
  m_PrefabInternal: {fileID: 100100000}
  m_GameObject: {fileID: 143838}
  m_Enabled: 1
  m_CastShadows: 1
  m_ReceiveShadows: 1
  m_LightmapIndex: 9
  m_LightmapTilingOffset: {x: .110351562, y: .110351562, z: .110897064, w: .814998627}
  m_Materials:
  - {fileID: 2100000, guid: 2b71a5ff927794926a9f2e89111c842e, type: 2}
  - {fileID: 2100000, guid: 299b77df2eaac459c86a409635d65cc4, type: 2}
  - {fileID: 2100000, guid: 1d5333812121249db8f10d8860197064, type: 2}
  m_SubsetIndices: 
  m_StaticBatchRoot: {fileID: 0}
  m_UseLightProbes: 0
  m_LightProbeAnchor: {fileID: 0}
  m_ScaleInLightmap: 1
  m_SortingLayerID: 0
  m_SortingOrder: 0
--- !u!23 &2343796
Renderer:
  m_ObjectHideFlags: 1
  m_PrefabParentObject: {fileID: 0}
  m_PrefabInternal: {fileID: 100100000}
  m_GameObject: {fileID: 143856}
  m_Enabled: 1
  m_CastShadows: 1
  m_ReceiveShadows: 1
  m_LightmapIndex: 10
  m_LightmapTilingOffset: {x: .107421875, y: .107421875, z: .339424133, w: .815010071}
  m_Materials:
  - {fileID: 2100000, guid: 2b71a5ff927794926a9f2e89111c842e, type: 2}
  - {fileID: 2100000, guid: 299b77df2eaac459c86a409635d65cc4, type: 2}
  - {fileID: 2100000, guid: 1d5333812121249db8f10d8860197064, type: 2}
  m_SubsetIndices: 
  m_StaticBatchRoot: {fileID: 0}
  m_UseLightProbes: 0
  m_LightProbeAnchor: {fileID: 0}
  m_ScaleInLightmap: 1
  m_SortingLayerID: 0
  m_SortingOrder: 0
--- !u!23 &2343798
Renderer:
  m_ObjectHideFlags: 1
  m_PrefabParentObject: {fileID: 0}
  m_PrefabInternal: {fileID: 100100000}
  m_GameObject: {fileID: 143874}
  m_Enabled: 1
  m_CastShadows: 1
  m_ReceiveShadows: 1
  m_LightmapIndex: 9
  m_LightmapTilingOffset: {x: .110351562, y: .110351562, z: .222225189, w: .814998627}
  m_Materials:
  - {fileID: 2100000, guid: 2b71a5ff927794926a9f2e89111c842e, type: 2}
  - {fileID: 2100000, guid: 299b77df2eaac459c86a409635d65cc4, type: 2}
  - {fileID: 2100000, guid: 1d5333812121249db8f10d8860197064, type: 2}
  m_SubsetIndices: 
  m_StaticBatchRoot: {fileID: 0}
  m_UseLightProbes: 0
  m_LightProbeAnchor: {fileID: 0}
  m_ScaleInLightmap: 1
  m_SortingLayerID: 0
  m_SortingOrder: 0
--- !u!23 &2343800
Renderer:
  m_ObjectHideFlags: 1
  m_PrefabParentObject: {fileID: 0}
  m_PrefabInternal: {fileID: 100100000}
  m_GameObject: {fileID: 143884}
  m_Enabled: 1
  m_CastShadows: 1
  m_ReceiveShadows: 1
  m_LightmapIndex: 10
  m_LightmapTilingOffset: {x: .107421875, y: .107421875, z: .556221008, w: .815010071}
  m_Materials:
  - {fileID: 2100000, guid: 2b71a5ff927794926a9f2e89111c842e, type: 2}
  - {fileID: 2100000, guid: 299b77df2eaac459c86a409635d65cc4, type: 2}
  - {fileID: 2100000, guid: 1d5333812121249db8f10d8860197064, type: 2}
  m_SubsetIndices: 
  m_StaticBatchRoot: {fileID: 0}
  m_UseLightProbes: 0
  m_LightProbeAnchor: {fileID: 0}
  m_ScaleInLightmap: 1
  m_SortingLayerID: 0
  m_SortingOrder: 0
--- !u!23 &2343802
Renderer:
  m_ObjectHideFlags: 1
  m_PrefabParentObject: {fileID: 0}
  m_PrefabInternal: {fileID: 100100000}
  m_GameObject: {fileID: 143894}
  m_Enabled: 1
  m_CastShadows: 1
  m_ReceiveShadows: 1
  m_LightmapIndex: 9
  m_LightmapTilingOffset: {x: .110351562, y: .110351562, z: .333553314, w: .814998627}
  m_Materials:
  - {fileID: 2100000, guid: 2b71a5ff927794926a9f2e89111c842e, type: 2}
  - {fileID: 2100000, guid: 299b77df2eaac459c86a409635d65cc4, type: 2}
  - {fileID: 2100000, guid: 1d5333812121249db8f10d8860197064, type: 2}
  m_SubsetIndices: 
  m_StaticBatchRoot: {fileID: 0}
  m_UseLightProbes: 0
  m_LightProbeAnchor: {fileID: 0}
  m_ScaleInLightmap: 1
  m_SortingLayerID: 0
  m_SortingOrder: 0
--- !u!33 &3343772
MeshFilter:
  m_ObjectHideFlags: 1
  m_PrefabParentObject: {fileID: 0}
  m_PrefabInternal: {fileID: 100100000}
  m_GameObject: {fileID: 143772}
  m_Mesh: {fileID: 4300000, guid: 7eb6c9d091a0c4b72bcae1bd75d1aeae, type: 3}
--- !u!33 &3343774
MeshFilter:
  m_ObjectHideFlags: 1
  m_PrefabParentObject: {fileID: 0}
  m_PrefabInternal: {fileID: 100100000}
  m_GameObject: {fileID: 143782}
  m_Mesh: {fileID: 4300000, guid: 77bb9472f0e874056b60670bde372d4e, type: 3}
--- !u!33 &3343776
MeshFilter:
  m_ObjectHideFlags: 1
  m_PrefabParentObject: {fileID: 0}
  m_PrefabInternal: {fileID: 100100000}
  m_GameObject: {fileID: 143784}
  m_Mesh: {fileID: 4300000, guid: 77bb9472f0e874056b60670bde372d4e, type: 3}
--- !u!33 &3343778
MeshFilter:
  m_ObjectHideFlags: 1
  m_PrefabParentObject: {fileID: 0}
  m_PrefabInternal: {fileID: 100100000}
  m_GameObject: {fileID: 143790}
  m_Mesh: {fileID: 4300000, guid: 77bb9472f0e874056b60670bde372d4e, type: 3}
--- !u!33 &3343780
MeshFilter:
  m_ObjectHideFlags: 1
  m_PrefabParentObject: {fileID: 0}
  m_PrefabInternal: {fileID: 100100000}
  m_GameObject: {fileID: 143792}
  m_Mesh: {fileID: 4300000, guid: 77bb9472f0e874056b60670bde372d4e, type: 3}
--- !u!33 &3343782
MeshFilter:
  m_ObjectHideFlags: 1
  m_PrefabParentObject: {fileID: 0}
  m_PrefabInternal: {fileID: 100100000}
  m_GameObject: {fileID: 143798}
  m_Mesh: {fileID: 4300000, guid: 77bb9472f0e874056b60670bde372d4e, type: 3}
--- !u!33 &3343784
MeshFilter:
  m_ObjectHideFlags: 1
  m_PrefabParentObject: {fileID: 0}
  m_PrefabInternal: {fileID: 100100000}
  m_GameObject: {fileID: 143800}
  m_Mesh: {fileID: 4300000, guid: 77bb9472f0e874056b60670bde372d4e, type: 3}
--- !u!33 &3343786
MeshFilter:
  m_ObjectHideFlags: 1
  m_PrefabParentObject: {fileID: 0}
  m_PrefabInternal: {fileID: 100100000}
  m_GameObject: {fileID: 143806}
  m_Mesh: {fileID: 4300000, guid: 77bb9472f0e874056b60670bde372d4e, type: 3}
--- !u!33 &3343788
MeshFilter:
  m_ObjectHideFlags: 1
  m_PrefabParentObject: {fileID: 0}
  m_PrefabInternal: {fileID: 100100000}
  m_GameObject: {fileID: 143808}
  m_Mesh: {fileID: 4300000, guid: 77bb9472f0e874056b60670bde372d4e, type: 3}
--- !u!33 &3343790
MeshFilter:
  m_ObjectHideFlags: 1
  m_PrefabParentObject: {fileID: 0}
  m_PrefabInternal: {fileID: 100100000}
  m_GameObject: {fileID: 143814}
  m_Mesh: {fileID: 4300000, guid: 7eb6c9d091a0c4b72bcae1bd75d1aeae, type: 3}
--- !u!33 &3343792
MeshFilter:
  m_ObjectHideFlags: 1
  m_PrefabParentObject: {fileID: 0}
  m_PrefabInternal: {fileID: 100100000}
  m_GameObject: {fileID: 143826}
  m_Mesh: {fileID: 4300000, guid: ce775175f1e4641c4a68db139163c95a, type: 3}
--- !u!33 &3343794
MeshFilter:
  m_ObjectHideFlags: 1
  m_PrefabParentObject: {fileID: 0}
  m_PrefabInternal: {fileID: 100100000}
  m_GameObject: {fileID: 143838}
  m_Mesh: {fileID: 4300000, guid: 433dcb8d9f6a4471eb871dda29667f71, type: 3}
--- !u!33 &3343796
MeshFilter:
  m_ObjectHideFlags: 1
  m_PrefabParentObject: {fileID: 0}
  m_PrefabInternal: {fileID: 100100000}
  m_GameObject: {fileID: 143856}
  m_Mesh: {fileID: 4300000, guid: ce775175f1e4641c4a68db139163c95a, type: 3}
--- !u!33 &3343798
MeshFilter:
  m_ObjectHideFlags: 1
  m_PrefabParentObject: {fileID: 0}
  m_PrefabInternal: {fileID: 100100000}
  m_GameObject: {fileID: 143874}
  m_Mesh: {fileID: 4300000, guid: 433dcb8d9f6a4471eb871dda29667f71, type: 3}
--- !u!33 &3343800
MeshFilter:
  m_ObjectHideFlags: 1
  m_PrefabParentObject: {fileID: 0}
  m_PrefabInternal: {fileID: 100100000}
  m_GameObject: {fileID: 143884}
  m_Mesh: {fileID: 4300000, guid: ce775175f1e4641c4a68db139163c95a, type: 3}
--- !u!33 &3343802
MeshFilter:
  m_ObjectHideFlags: 1
  m_PrefabParentObject: {fileID: 0}
  m_PrefabInternal: {fileID: 100100000}
  m_GameObject: {fileID: 143894}
  m_Mesh: {fileID: 4300000, guid: 433dcb8d9f6a4471eb871dda29667f71, type: 3}
--- !u!65 &6543772
BoxCollider:
  m_ObjectHideFlags: 1
  m_PrefabParentObject: {fileID: 0}
  m_PrefabInternal: {fileID: 100100000}
  m_GameObject: {fileID: 143774}
  m_Material: {fileID: 0}
  m_IsTrigger: 0
  m_Enabled: 1
  serializedVersion: 2
  m_Size: {x: 1, y: .00999999978, z: 1}
  m_Center: {x: 0, y: 0, z: 0}
--- !u!65 &6543774
BoxCollider:
  m_ObjectHideFlags: 1
  m_PrefabParentObject: {fileID: 0}
  m_PrefabInternal: {fileID: 100100000}
  m_GameObject: {fileID: 143776}
  m_Material: {fileID: 0}
  m_IsTrigger: 0
  m_Enabled: 1
  serializedVersion: 2
  m_Size: {x: 1, y: .00999999978, z: 1}
  m_Center: {x: 0, y: 0, z: 0}
--- !u!65 &6543776
BoxCollider:
  m_ObjectHideFlags: 1
  m_PrefabParentObject: {fileID: 0}
  m_PrefabInternal: {fileID: 100100000}
  m_GameObject: {fileID: 143778}
  m_Material: {fileID: 0}
  m_IsTrigger: 0
  m_Enabled: 1
  serializedVersion: 2
  m_Size: {x: 1, y: 0, z: 1}
  m_Center: {x: 0, y: 0, z: 0}
--- !u!65 &6543778
BoxCollider:
  m_ObjectHideFlags: 1
  m_PrefabParentObject: {fileID: 0}
  m_PrefabInternal: {fileID: 100100000}
  m_GameObject: {fileID: 143820}
  m_Material: {fileID: 0}
  m_IsTrigger: 0
  m_Enabled: 1
  serializedVersion: 2
  m_Size: {x: 1, y: .00999999978, z: 1}
  m_Center: {x: 0, y: 0, z: 0}
--- !u!65 &6543780
BoxCollider:
  m_ObjectHideFlags: 1
  m_PrefabParentObject: {fileID: 0}
  m_PrefabInternal: {fileID: 100100000}
  m_GameObject: {fileID: 143824}
  m_Material: {fileID: 0}
  m_IsTrigger: 0
  m_Enabled: 1
  serializedVersion: 2
  m_Size: {x: 1, y: 0, z: 1}
  m_Center: {x: 0, y: 0, z: 0}
--- !u!65 &6543782
BoxCollider:
  m_ObjectHideFlags: 1
  m_PrefabParentObject: {fileID: 0}
  m_PrefabInternal: {fileID: 100100000}
  m_GameObject: {fileID: 143822}
  m_Material: {fileID: 0}
  m_IsTrigger: 0
  m_Enabled: 1
  serializedVersion: 2
  m_Size: {x: 1, y: .00999999978, z: 1}
  m_Center: {x: 0, y: 0, z: 0}
--- !u!65 &6543784
BoxCollider:
  m_ObjectHideFlags: 1
  m_PrefabParentObject: {fileID: 0}
  m_PrefabInternal: {fileID: 100100000}
  m_GameObject: {fileID: 143846}
  m_Material: {fileID: 0}
  m_IsTrigger: 0
  m_Enabled: 1
  serializedVersion: 2
  m_Size: {x: 1, y: .00999999978, z: 1}
  m_Center: {x: 0, y: 0, z: 0}
--- !u!65 &6543786
BoxCollider:
  m_ObjectHideFlags: 1
  m_PrefabParentObject: {fileID: 0}
  m_PrefabInternal: {fileID: 100100000}
  m_GameObject: {fileID: 143844}
  m_Material: {fileID: 0}
  m_IsTrigger: 0
  m_Enabled: 1
  serializedVersion: 2
  m_Size: {x: 1, y: 0, z: 1}
  m_Center: {x: 0, y: 0, z: 0}
--- !u!65 &6543788
BoxCollider:
  m_ObjectHideFlags: 1
  m_PrefabParentObject: {fileID: 0}
  m_PrefabInternal: {fileID: 100100000}
  m_GameObject: {fileID: 143848}
  m_Material: {fileID: 0}
  m_IsTrigger: 0
  m_Enabled: 1
  serializedVersion: 2
  m_Size: {x: 1, y: .00999999978, z: 1}
  m_Center: {x: 0, y: 0, z: 0}
--- !u!65 &6543790
BoxCollider:
  m_ObjectHideFlags: 1
  m_PrefabParentObject: {fileID: 0}
  m_PrefabInternal: {fileID: 100100000}
  m_GameObject: {fileID: 143860}
  m_Material: {fileID: 0}
  m_IsTrigger: 0
  m_Enabled: 1
  serializedVersion: 2
  m_Size: {x: 1, y: .00999999978, z: 1}
  m_Center: {x: 0, y: 0, z: 0}
--- !u!65 &6543792
BoxCollider:
  m_ObjectHideFlags: 1
  m_PrefabParentObject: {fileID: 0}
  m_PrefabInternal: {fileID: 100100000}
  m_GameObject: {fileID: 143858}
  m_Material: {fileID: 0}
  m_IsTrigger: 0
  m_Enabled: 1
  serializedVersion: 2
  m_Size: {x: 1, y: 0, z: 1}
  m_Center: {x: 0, y: 0, z: 0}
--- !u!65 &6543794
BoxCollider:
  m_ObjectHideFlags: 1
  m_PrefabParentObject: {fileID: 0}
  m_PrefabInternal: {fileID: 100100000}
  m_GameObject: {fileID: 143862}
  m_Material: {fileID: 0}
  m_IsTrigger: 0
  m_Enabled: 1
  serializedVersion: 2
  m_Size: {x: 1, y: .00999999978, z: 1}
  m_Center: {x: 0, y: 0, z: 0}
--- !u!65 &6543796
BoxCollider:
  m_ObjectHideFlags: 1
  m_PrefabParentObject: {fileID: 0}
  m_PrefabInternal: {fileID: 100100000}
  m_GameObject: {fileID: 143864}
  m_Material: {fileID: 0}
  m_IsTrigger: 0
  m_Enabled: 1
  serializedVersion: 2
  m_Size: {x: 1, y: .00999999978, z: 1}
  m_Center: {x: 0, y: 0, z: 0}
--- !u!65 &6543798
BoxCollider:
  m_ObjectHideFlags: 1
  m_PrefabParentObject: {fileID: 0}
  m_PrefabInternal: {fileID: 100100000}
  m_GameObject: {fileID: 143868}
  m_Material: {fileID: 0}
  m_IsTrigger: 0
  m_Enabled: 1
  serializedVersion: 2
  m_Size: {x: 1, y: 0, z: 1}
  m_Center: {x: 0, y: 0, z: 0}
--- !u!65 &6543800
BoxCollider:
  m_ObjectHideFlags: 1
  m_PrefabParentObject: {fileID: 0}
  m_PrefabInternal: {fileID: 100100000}
  m_GameObject: {fileID: 143866}
  m_Material: {fileID: 0}
  m_IsTrigger: 0
  m_Enabled: 1
  serializedVersion: 2
  m_Size: {x: 1, y: .00999999978, z: 1}
  m_Center: {x: 0, y: 0, z: 0}
--- !u!65 &6543802
BoxCollider:
  m_ObjectHideFlags: 1
  m_PrefabParentObject: {fileID: 0}
  m_PrefabInternal: {fileID: 100100000}
  m_GameObject: {fileID: 143878}
  m_Material: {fileID: 0}
  m_IsTrigger: 0
  m_Enabled: 1
  serializedVersion: 2
  m_Size: {x: 1, y: .00999999978, z: 1}
  m_Center: {x: 0, y: 0, z: 0}
--- !u!65 &6543804
BoxCollider:
  m_ObjectHideFlags: 1
  m_PrefabParentObject: {fileID: 0}
  m_PrefabInternal: {fileID: 100100000}
  m_GameObject: {fileID: 143882}
  m_Material: {fileID: 0}
  m_IsTrigger: 0
  m_Enabled: 1
  serializedVersion: 2
  m_Size: {x: 1, y: 0, z: 1}
  m_Center: {x: 0, y: 0, z: 0}
--- !u!65 &6543806
BoxCollider:
  m_ObjectHideFlags: 1
  m_PrefabParentObject: {fileID: 0}
  m_PrefabInternal: {fileID: 100100000}
  m_GameObject: {fileID: 143880}
  m_Material: {fileID: 0}
  m_IsTrigger: 0
  m_Enabled: 1
  serializedVersion: 2
  m_Size: {x: 1, y: .00999999978, z: 1}
  m_Center: {x: 0, y: 0, z: 0}
--- !u!65 &6543808
BoxCollider:
  m_ObjectHideFlags: 1
  m_PrefabParentObject: {fileID: 0}
  m_PrefabInternal: {fileID: 100100000}
  m_GameObject: {fileID: 143902}
  m_Material: {fileID: 0}
  m_IsTrigger: 0
  m_Enabled: 1
  serializedVersion: 2
  m_Size: {x: 1, y: .00999999978, z: 1}
  m_Center: {x: 0, y: 0, z: 0}
--- !u!65 &6543810
BoxCollider:
  m_ObjectHideFlags: 1
  m_PrefabParentObject: {fileID: 0}
  m_PrefabInternal: {fileID: 100100000}
  m_GameObject: {fileID: 143900}
  m_Material: {fileID: 0}
  m_IsTrigger: 0
  m_Enabled: 1
  serializedVersion: 2
  m_Size: {x: 1, y: 0, z: 1}
  m_Center: {x: 0, y: 0, z: 0}
--- !u!65 &6543812
BoxCollider:
  m_ObjectHideFlags: 1
  m_PrefabParentObject: {fileID: 0}
  m_PrefabInternal: {fileID: 100100000}
  m_GameObject: {fileID: 143904}
  m_Material: {fileID: 0}
  m_IsTrigger: 0
  m_Enabled: 1
  serializedVersion: 2
  m_Size: {x: 1, y: .00999999978, z: 1}
  m_Center: {x: 0, y: 0, z: 0}
--- !u!95 &9543772
Animator:
  serializedVersion: 3
  m_ObjectHideFlags: 1
  m_PrefabParentObject: {fileID: 0}
  m_PrefabInternal: {fileID: 100100000}
  m_GameObject: {fileID: 143772}
  m_Enabled: 1
  m_Avatar: {fileID: 9000000, guid: 7eb6c9d091a0c4b72bcae1bd75d1aeae, type: 3}
  m_Controller: {fileID: 0}
  m_CullingMode: 1
  m_UpdateMode: 0
  m_ApplyRootMotion: 1
  m_HasTransformHierarchy: 1
  m_AllowConstantClipSamplingOptimization: 1
--- !u!95 &9543774
Animator:
  serializedVersion: 3
  m_ObjectHideFlags: 1
  m_PrefabParentObject: {fileID: 0}
  m_PrefabInternal: {fileID: 100100000}
  m_GameObject: {fileID: 143814}
  m_Enabled: 1
  m_Avatar: {fileID: 9000000, guid: 7eb6c9d091a0c4b72bcae1bd75d1aeae, type: 3}
  m_Controller: {fileID: 0}
  m_CullingMode: 1
  m_UpdateMode: 0
  m_ApplyRootMotion: 1
  m_HasTransformHierarchy: 1
  m_AllowConstantClipSamplingOptimization: 1
--- !u!108 &10843772
Light:
  m_ObjectHideFlags: 1
  m_PrefabParentObject: {fileID: 0}
  m_PrefabInternal: {fileID: 100100000}
  m_GameObject: {fileID: 143818}
  m_Enabled: 1
  serializedVersion: 3
  m_Type: 2
  m_Color: {r: .420415193, g: .666390777, b: .705882311, a: 1}
  m_Intensity: 1
  m_Range: 1
  m_SpotAngle: 30
  m_CookieSize: 10
  m_Shadows:
    m_Type: 2
    m_Resolution: 2
    m_Strength: 1
    m_Bias: .0500000007
    m_Softness: 4
    m_SoftnessFade: 1
  m_Cookie: {fileID: 0}
  m_DrawHalo: 0
  m_ActuallyLightmapped: 1
  m_Flare: {fileID: 0}
  m_RenderMode: 0
  m_CullingMask:
    serializedVersion: 2
    m_Bits: 4294967295
  m_Lightmapping: 2
  m_ShadowSamples: 1
  m_ShadowRadius: 0
  m_ShadowAngle: 0
  m_IndirectIntensity: 1
  m_AreaSize: {x: 1, y: 1}
--- !u!108 &10843774
Light:
  m_ObjectHideFlags: 1
  m_PrefabParentObject: {fileID: 0}
  m_PrefabInternal: {fileID: 100100000}
  m_GameObject: {fileID: 143816}
  m_Enabled: 1
  serializedVersion: 3
  m_Type: 2
  m_Color: {r: .420415193, g: .666390777, b: .705882311, a: 1}
  m_Intensity: 1
  m_Range: 1
  m_SpotAngle: 30
  m_CookieSize: 10
  m_Shadows:
    m_Type: 2
    m_Resolution: 2
    m_Strength: 1
    m_Bias: .0500000007
    m_Softness: 4
    m_SoftnessFade: 1
  m_Cookie: {fileID: 0}
  m_DrawHalo: 0
  m_ActuallyLightmapped: 1
  m_Flare: {fileID: 0}
  m_RenderMode: 0
  m_CullingMask:
    serializedVersion: 2
    m_Bits: 4294967295
  m_Lightmapping: 2
  m_ShadowSamples: 1
  m_ShadowRadius: 0
  m_ShadowAngle: 0
  m_IndirectIntensity: 1
  m_AreaSize: {x: 1, y: 1}
--- !u!108 &10843776
Light:
  m_ObjectHideFlags: 1
  m_PrefabParentObject: {fileID: 0}
  m_PrefabInternal: {fileID: 100100000}
  m_GameObject: {fileID: 143828}
  m_Enabled: 1
  serializedVersion: 3
  m_Type: 2
  m_Color: {r: .420415193, g: .666390777, b: .705882311, a: 1}
  m_Intensity: 1
  m_Range: 1.5
  m_SpotAngle: 30
  m_CookieSize: 10
  m_Shadows:
    m_Type: 2
    m_Resolution: 2
    m_Strength: 1
    m_Bias: .0500000007
    m_Softness: 4
    m_SoftnessFade: 1
  m_Cookie: {fileID: 0}
  m_DrawHalo: 0
  m_ActuallyLightmapped: 1
  m_Flare: {fileID: 0}
  m_RenderMode: 0
  m_CullingMask:
    serializedVersion: 2
    m_Bits: 4294967295
  m_Lightmapping: 2
  m_ShadowSamples: 1
  m_ShadowRadius: 0
  m_ShadowAngle: 0
  m_IndirectIntensity: 1
  m_AreaSize: {x: 1, y: 1}
--- !u!108 &10843778
Light:
  m_ObjectHideFlags: 1
  m_PrefabParentObject: {fileID: 0}
  m_PrefabInternal: {fileID: 100100000}
  m_GameObject: {fileID: 143830}
  m_Enabled: 1
  serializedVersion: 3
  m_Type: 2
  m_Color: {r: .420415193, g: .666390777, b: .705882311, a: 1}
  m_Intensity: 1
  m_Range: 1.5
  m_SpotAngle: 30
  m_CookieSize: 10
  m_Shadows:
    m_Type: 2
    m_Resolution: 2
    m_Strength: 1
    m_Bias: .0500000007
    m_Softness: 4
    m_SoftnessFade: 1
  m_Cookie: {fileID: 0}
  m_DrawHalo: 0
  m_ActuallyLightmapped: 1
  m_Flare: {fileID: 0}
  m_RenderMode: 0
  m_CullingMask:
    serializedVersion: 2
    m_Bits: 4294967295
  m_Lightmapping: 2
  m_ShadowSamples: 1
  m_ShadowRadius: 0
  m_ShadowAngle: 0
  m_IndirectIntensity: 1
  m_AreaSize: {x: 1, y: 1}
--- !u!108 &10843780
Light:
  m_ObjectHideFlags: 1
  m_PrefabParentObject: {fileID: 0}
  m_PrefabInternal: {fileID: 100100000}
  m_GameObject: {fileID: 143842}
  m_Enabled: 1
  serializedVersion: 3
  m_Type: 2
  m_Color: {r: .420415193, g: .666390777, b: .705882311, a: 1}
  m_Intensity: 1
  m_Range: 1.5
  m_SpotAngle: 30
  m_CookieSize: 10
  m_Shadows:
    m_Type: 2
    m_Resolution: 2
    m_Strength: 1
    m_Bias: .0500000007
    m_Softness: 4
    m_SoftnessFade: 1
  m_Cookie: {fileID: 0}
  m_DrawHalo: 0
  m_ActuallyLightmapped: 1
  m_Flare: {fileID: 0}
  m_RenderMode: 0
  m_CullingMask:
    serializedVersion: 2
    m_Bits: 4294967295
  m_Lightmapping: 2
  m_ShadowSamples: 1
  m_ShadowRadius: 0
  m_ShadowAngle: 0
  m_IndirectIntensity: 1
  m_AreaSize: {x: 1, y: 1}
--- !u!108 &10843782
Light:
  m_ObjectHideFlags: 1
  m_PrefabParentObject: {fileID: 0}
  m_PrefabInternal: {fileID: 100100000}
  m_GameObject: {fileID: 143840}
  m_Enabled: 1
  serializedVersion: 3
  m_Type: 2
  m_Color: {r: .420415193, g: .666390777, b: .705882311, a: 1}
  m_Intensity: 1
  m_Range: 1.5
  m_SpotAngle: 30
  m_CookieSize: 10
  m_Shadows:
    m_Type: 2
    m_Resolution: 2
    m_Strength: 1
    m_Bias: .0500000007
    m_Softness: 4
    m_SoftnessFade: 1
  m_Cookie: {fileID: 0}
  m_DrawHalo: 0
  m_ActuallyLightmapped: 1
  m_Flare: {fileID: 0}
  m_RenderMode: 0
  m_CullingMask:
    serializedVersion: 2
    m_Bits: 4294967295
  m_Lightmapping: 2
  m_ShadowSamples: 1
  m_ShadowRadius: 0
  m_ShadowAngle: 0
  m_IndirectIntensity: 1
  m_AreaSize: {x: 1, y: 1}
--- !u!108 &10843784
Light:
  m_ObjectHideFlags: 1
  m_PrefabParentObject: {fileID: 0}
  m_PrefabInternal: {fileID: 100100000}
  m_GameObject: {fileID: 143852}
  m_Enabled: 1
  serializedVersion: 3
  m_Type: 2
  m_Color: {r: .420415193, g: .666390777, b: .705882311, a: 1}
  m_Intensity: 1
  m_Range: 1.5
  m_SpotAngle: 30
  m_CookieSize: 10
  m_Shadows:
    m_Type: 2
    m_Resolution: 2
    m_Strength: 1
    m_Bias: .0500000007
    m_Softness: 4
    m_SoftnessFade: 1
  m_Cookie: {fileID: 0}
  m_DrawHalo: 0
  m_ActuallyLightmapped: 1
  m_Flare: {fileID: 0}
  m_RenderMode: 0
  m_CullingMask:
    serializedVersion: 2
    m_Bits: 4294967295
  m_Lightmapping: 2
  m_ShadowSamples: 1
  m_ShadowRadius: 0
  m_ShadowAngle: 0
  m_IndirectIntensity: 1
  m_AreaSize: {x: 1, y: 1}
--- !u!108 &10843786
Light:
  m_ObjectHideFlags: 1
  m_PrefabParentObject: {fileID: 0}
  m_PrefabInternal: {fileID: 100100000}
  m_GameObject: {fileID: 143854}
  m_Enabled: 1
  serializedVersion: 3
  m_Type: 2
  m_Color: {r: .420415193, g: .666390777, b: .705882311, a: 1}
  m_Intensity: 1
  m_Range: 1.5
  m_SpotAngle: 30
  m_CookieSize: 10
  m_Shadows:
    m_Type: 2
    m_Resolution: 2
    m_Strength: 1
    m_Bias: .0500000007
    m_Softness: 4
    m_SoftnessFade: 1
  m_Cookie: {fileID: 0}
  m_DrawHalo: 0
  m_ActuallyLightmapped: 1
  m_Flare: {fileID: 0}
  m_RenderMode: 0
  m_CullingMask:
    serializedVersion: 2
    m_Bits: 4294967295
  m_Lightmapping: 2
  m_ShadowSamples: 1
  m_ShadowRadius: 0
  m_ShadowAngle: 0
  m_IndirectIntensity: 1
  m_AreaSize: {x: 1, y: 1}
--- !u!108 &10843788
Light:
  m_ObjectHideFlags: 1
  m_PrefabParentObject: {fileID: 0}
  m_PrefabInternal: {fileID: 100100000}
  m_GameObject: {fileID: 143872}
  m_Enabled: 1
  serializedVersion: 3
  m_Type: 2
  m_Color: {r: .420415193, g: .666390777, b: .705882311, a: 1}
  m_Intensity: 1
  m_Range: 1.5
  m_SpotAngle: 30
  m_CookieSize: 10
  m_Shadows:
    m_Type: 2
    m_Resolution: 2
    m_Strength: 1
    m_Bias: .0500000007
    m_Softness: 4
    m_SoftnessFade: 1
  m_Cookie: {fileID: 0}
  m_DrawHalo: 0
  m_ActuallyLightmapped: 1
  m_Flare: {fileID: 0}
  m_RenderMode: 0
  m_CullingMask:
    serializedVersion: 2
    m_Bits: 4294967295
  m_Lightmapping: 2
  m_ShadowSamples: 1
  m_ShadowRadius: 0
  m_ShadowAngle: 0
  m_IndirectIntensity: 1
  m_AreaSize: {x: 1, y: 1}
--- !u!108 &10843790
Light:
  m_ObjectHideFlags: 1
  m_PrefabParentObject: {fileID: 0}
  m_PrefabInternal: {fileID: 100100000}
  m_GameObject: {fileID: 143870}
  m_Enabled: 1
  serializedVersion: 3
  m_Type: 2
  m_Color: {r: .420415193, g: .666390777, b: .705882311, a: 1}
  m_Intensity: 1
  m_Range: 1.5
  m_SpotAngle: 30
  m_CookieSize: 10
  m_Shadows:
    m_Type: 2
    m_Resolution: 2
    m_Strength: 1
    m_Bias: .0500000007
    m_Softness: 4
    m_SoftnessFade: 1
  m_Cookie: {fileID: 0}
  m_DrawHalo: 0
  m_ActuallyLightmapped: 1
  m_Flare: {fileID: 0}
  m_RenderMode: 0
  m_CullingMask:
    serializedVersion: 2
    m_Bits: 4294967295
  m_Lightmapping: 2
  m_ShadowSamples: 1
  m_ShadowRadius: 0
  m_ShadowAngle: 0
  m_IndirectIntensity: 1
  m_AreaSize: {x: 1, y: 1}
--- !u!108 &10843792
Light:
  m_ObjectHideFlags: 1
  m_PrefabParentObject: {fileID: 0}
  m_PrefabInternal: {fileID: 100100000}
  m_GameObject: {fileID: 143886}
  m_Enabled: 1
  serializedVersion: 3
  m_Type: 2
  m_Color: {r: .420415193, g: .666390777, b: .705882311, a: 1}
  m_Intensity: 1
  m_Range: 1.5
  m_SpotAngle: 30
  m_CookieSize: 10
  m_Shadows:
    m_Type: 2
    m_Resolution: 2
    m_Strength: 1
    m_Bias: .0500000007
    m_Softness: 4
    m_SoftnessFade: 1
  m_Cookie: {fileID: 0}
  m_DrawHalo: 0
  m_ActuallyLightmapped: 1
  m_Flare: {fileID: 0}
  m_RenderMode: 0
  m_CullingMask:
    serializedVersion: 2
    m_Bits: 4294967295
  m_Lightmapping: 2
  m_ShadowSamples: 1
  m_ShadowRadius: 0
  m_ShadowAngle: 0
  m_IndirectIntensity: 1
  m_AreaSize: {x: 1, y: 1}
--- !u!108 &10843794
Light:
  m_ObjectHideFlags: 1
  m_PrefabParentObject: {fileID: 0}
  m_PrefabInternal: {fileID: 100100000}
  m_GameObject: {fileID: 143888}
  m_Enabled: 1
  serializedVersion: 3
  m_Type: 2
  m_Color: {r: .420415193, g: .666390777, b: .705882311, a: 1}
  m_Intensity: 1
  m_Range: 1.5
  m_SpotAngle: 30
  m_CookieSize: 10
  m_Shadows:
    m_Type: 2
    m_Resolution: 2
    m_Strength: 1
    m_Bias: .0500000007
    m_Softness: 4
    m_SoftnessFade: 1
  m_Cookie: {fileID: 0}
  m_DrawHalo: 0
  m_ActuallyLightmapped: 1
  m_Flare: {fileID: 0}
  m_RenderMode: 0
  m_CullingMask:
    serializedVersion: 2
    m_Bits: 4294967295
  m_Lightmapping: 2
  m_ShadowSamples: 1
  m_ShadowRadius: 0
  m_ShadowAngle: 0
  m_IndirectIntensity: 1
  m_AreaSize: {x: 1, y: 1}
--- !u!108 &10843796
Light:
  m_ObjectHideFlags: 1
  m_PrefabParentObject: {fileID: 0}
  m_PrefabInternal: {fileID: 100100000}
  m_GameObject: {fileID: 143898}
  m_Enabled: 1
  serializedVersion: 3
  m_Type: 2
  m_Color: {r: .420415193, g: .666390777, b: .705882311, a: 1}
  m_Intensity: 1
  m_Range: 1.5
  m_SpotAngle: 30
  m_CookieSize: 10
  m_Shadows:
    m_Type: 2
    m_Resolution: 2
    m_Strength: 1
    m_Bias: .0500000007
    m_Softness: 4
    m_SoftnessFade: 1
  m_Cookie: {fileID: 0}
  m_DrawHalo: 0
  m_ActuallyLightmapped: 1
  m_Flare: {fileID: 0}
  m_RenderMode: 0
  m_CullingMask:
    serializedVersion: 2
    m_Bits: 4294967295
  m_Lightmapping: 2
  m_ShadowSamples: 1
  m_ShadowRadius: 0
  m_ShadowAngle: 0
  m_IndirectIntensity: 1
  m_AreaSize: {x: 1, y: 1}
--- !u!108 &10843798
Light:
  m_ObjectHideFlags: 1
  m_PrefabParentObject: {fileID: 0}
  m_PrefabInternal: {fileID: 100100000}
  m_GameObject: {fileID: 143896}
  m_Enabled: 1
  serializedVersion: 3
  m_Type: 2
  m_Color: {r: .420415193, g: .666390777, b: .705882311, a: 1}
  m_Intensity: 1
  m_Range: 1.5
  m_SpotAngle: 30
  m_CookieSize: 10
  m_Shadows:
    m_Type: 2
    m_Resolution: 2
    m_Strength: 1
    m_Bias: .0500000007
    m_Softness: 4
    m_SoftnessFade: 1
  m_Cookie: {fileID: 0}
  m_DrawHalo: 0
  m_ActuallyLightmapped: 1
  m_Flare: {fileID: 0}
  m_RenderMode: 0
  m_CullingMask:
    serializedVersion: 2
    m_Bits: 4294967295
  m_Lightmapping: 2
  m_ShadowSamples: 1
  m_ShadowRadius: 0
  m_ShadowAngle: 0
  m_IndirectIntensity: 1
  m_AreaSize: {x: 1, y: 1}
--- !u!1001 &100100000
Prefab:
  m_ObjectHideFlags: 1
  serializedVersion: 2
  m_Modification:
    m_TransformParent: {fileID: 0}
    m_Modifications: []
    m_RemovedComponents: []
  m_ParentPrefab: {fileID: 0}
  m_RootGameObject: {fileID: 143834}
  m_IsPrefabParent: 1
  m_IsExploded: 1
