%YAML 1.1
%TAG !u! tag:unity3d.com,2011:
--- !u!1 &164104
GameObject:
  m_ObjectHideFlags: 0
  m_PrefabParentObject: {fileID: 0}
  m_PrefabInternal: {fileID: 100100000}
  serializedVersion: 4
  m_Component:
  - 4: {fileID: 464104}
  m_Layer: 0
  m_Name: PipeGroup_Vert_01
  m_TagString: Untagged
  m_Icon: {fileID: 0}
  m_NavMeshLayer: 0
  m_StaticEditorFlags: 4294967295
  m_IsActive: 1
--- !u!1 &164106
GameObject:
  m_ObjectHideFlags: 0
  m_PrefabParentObject: {fileID: 0}
  m_PrefabInternal: {fileID: 100100000}
  serializedVersion: 4
  m_Component:
  - 4: {fileID: 464106}
  - 33: {fileID: 3364104}
  - 23: {fileID: 2364104}
  m_Layer: 0
  m_Name: PipeGroup_Vert_01
  m_TagString: Untagged
  m_Icon: {fileID: 0}
  m_NavMeshLayer: 0
  m_StaticEditorFlags: 4294967295
  m_IsActive: 1
--- !u!4 &464104
Transform:
  m_ObjectHideFlags: 1
  m_PrefabParentObject: {fileID: 0}
  m_PrefabInternal: {fileID: 100100000}
  m_GameObject: {fileID: 164104}
  m_LocalRotation: {x: 0, y: -.385181457, z: 0, w: .922840893}
  m_LocalPosition: {x: .024125278, y: .0626759976, z: -1.32725108}
  m_LocalScale: {x: 1.116503, y: 1.116503, z: 1.116503}
  m_Children:
  - {fileID: 464106}
  m_Father: {fileID: 0}
  m_RootOrder: 0
--- !u!4 &464106
Transform:
  m_ObjectHideFlags: 1
  m_PrefabParentObject: {fileID: 0}
  m_PrefabInternal: {fileID: 100100000}
  m_GameObject: {fileID: 164106}
  m_LocalRotation: {x: -1.71129137e-15, y: 1, z: -2.18556941e-08, w: -7.54979013e-08}
  m_LocalPosition: {x: -0, y: 0, z: 0}
  m_LocalScale: {x: 1, y: 1, z: 1}
  m_Children: []
  m_Father: {fileID: 464104}
  m_RootOrder: 0
--- !u!23 &2364104
Renderer:
  m_ObjectHideFlags: 1
  m_PrefabParentObject: {fileID: 0}
  m_PrefabInternal: {fileID: 100100000}
  m_GameObject: {fileID: 164106}
  m_Enabled: 1
  m_CastShadows: 1
  m_ReceiveShadows: 1
  m_LightmapIndex: 27
  m_LightmapTilingOffset: {x: .145507812, y: .145507812, z: .338298798, w: .851970673}
  m_Materials:
  - {fileID: 2100000, guid: 2e65bd846791741b5b57d6cfadc90599, type: 2}
  - {fileID: 2100000, guid: 299b77df2eaac459c86a409635d65cc4, type: 2}
  m_SubsetIndices: 
  m_StaticBatchRoot: {fileID: 0}
  m_UseLightProbes: 0
  m_LightProbeAnchor: {fileID: 0}
  m_ScaleInLightmap: 1
  m_SortingLayerID: 0
  m_SortingOrder: 0
--- !u!33 &3364104
MeshFilter:
  m_ObjectHideFlags: 1
  m_PrefabParentObject: {fileID: 0}
  m_PrefabInternal: {fileID: 100100000}
  m_GameObject: {fileID: 164106}
  m_Mesh: {fileID: 4300000, guid: 80f506742516644b2a84d242ddf411e5, type: 3}
--- !u!1001 &100100000
Prefab:
  m_ObjectHideFlags: 1
  serializedVersion: 2
  m_Modification:
    m_TransformParent: {fileID: 0}
    m_Modifications: []
    m_RemovedComponents: []
  m_ParentPrefab: {fileID: 0}
  m_RootGameObject: {fileID: 164104}
  m_IsPrefabParent: 1
  m_IsExploded: 1
